2144 3600
766 150 1199 211 LEGUM.
1818 152 1885 203 31

22 309 37 354 l
73 317 139 371 de
175 303 384 382 ceteris,
421 325 511 370 aut
545 313 608 368 ‹le
637 331 731 379 ca,
771 313 839 367 ad
874 330 1038 383 quam
1075 309 1299 437 resffxit
1323 307 1524 365 Cicero.
1600 307 1887 363 Eaautem

0 426 1 453 i
74 391 204 444 haec
239 390 367 455 fuit,
407 401 491 454 ut,
527 388 566 451 fi
602 388 719 456 quis
758 386 890 439 forse
926 387 981 436 in
1019 386 1131 454 ejus
1203 384 1394 436 'ribuni
1429 385 1697 450 legionem
1730 379 1887 432 miles

29 460 291 517 ‘allectus
338 457 482 527 estet,
545 476 703 528 quem
749 459 844 511 fibi
889 468 1099 529 putaret
1143 458 1454 520 inimicum,
1503 470 1733 522 eamque
1766 467 1886 504 rem

29 585 31 594 ,
69 535 229 607 plane
264 532 437 586 facere
472 532 659 603 posset,
712 543 768 584 ut
802 531 874 597 is,
917 531 1168 598 inquam,
1223 547 1287 582 ex
1324 546 1388 582 ea
1409 528 1615 598 legione
1637 528 1693 578 in
1717 525 1883 579 aliam

69 605 320 663 transire.
362 603 509 669 ofset,
544 623 610 656 ne
642 603 911 672 iniquitati
946 602 1203 655 obnoxius
1227 600 1360 655 effer.

70 692 73 693 ’
242 677 296 730 Ν
379 673 608 731 MARI
624 674 700 741 Λ,
735 673 972 729 Cornelii
995 673 1194 739 Sullae,
1223 674 1327 727 vid.
1346 677 1583 727 Cornelia
1605 679 1849 725 numm-ia.

103 822 141 878 st
238 747 660 814 OTHONIS
698 749 811 815 lex,
860 765 999 819 quae
1030 747 1280 802 laudatur
1311 764 1408 818 pro
1441 745 1670 799 Murena
1702 762 1743 797 c.
1783 745 1884 808 19.‚
1930 760 1933 764 ·

68 834 119 879 'e⁴
170 827 256 878 Ro
278 829 370 876 eia.
1256 827 1259 829 ’
1391 862 1410 873 ,

62 912 70 963 ζ
244 826 531 960 ῘζΑΡΙΛ,
556 893 666 947 lata
688 914 720 949 a
741 897 798 948 Ο.
814 898 976 961 Papio
1000 890 1147 946 Trib.
1170 886 1883 960 p1.A.U.DCLxxxV111.

27 1004 30 1005 ν
72 963 226 1033 Cotta
248 979 297 1021 et
319 967 590 1038 Torquato
614 964 750 1021 Coss.
778 986 824 1021 v.
849 966 958 1017 Dio
982 962 1185 1019 Cassius
1205 960 1492 1017 XXXVII.
1519 982 1567 1031 p.
1583 965 1667 1016 83.
1739 960 1883 1013 Eam

70 1038 313 1112 pluribus
335 1039 460 1093 locis
485 1052 874 1108 commemorat
899 1036 1037 1103 Cic„
1074 1055 1171 1108 pro
1198 1035 1397 1087 Archia
1434 1054 1476 1089 c.
1502 1037 1551 1087 5.
1590 1052 1686 1103 pro
1710 1033 1882 1085 Balbo

71 1116 163 1173 23.
204 1113 286 1165 ad=
317 1110 474 1172 Attio.
521 1113 615 1167 IV.
656 1113 738 1164 14.
784 1112 945 1165 Offic,
981 1111 1073 1163 lll.
1115 1113 1193 1165 11.
1269 1107 1485 1174 sanxit,
1534 1122 1589 1160 ut
1620 1111 1884 1175 peregrini

71 1183 192 1254 turbe
213 1187 529 1254 pellerentur,
569 1200 619 1239 et
648 1188 775 1239 Socii
787 1190 970 1240 Latini
996 1190 1205 1236 nominis
1227 1190 1278 1235 in
1292 1188 1410 1249 suas
1436 1187 1661 1234 civitates
1686 1185 1883 1248 redige-

75 1260 264 1324 beatur.
304 1320 310 1326 ι
338 1258 634 1326 Peregrini,
650 1274 713 1311 ea
752 1268 920 1310 aetate
953 1256 1046 1325 qui
1081 1255 1205 1307 dicti
1238 1254 1364 1317 ssot,
1412 1254 1563 1305 docet
1586 1251 1884 1324 Spanhem.

74 1330 130 1391 in
152 1328 288 1383 orb.
311 1326 468 1386 Rom.
490 1347 543 1399 p.
568 1347 642 1384 m.
669 1333 788 1384 363.
819 1352 837 1355 ¹*
861 1330 932 1381 Hi
957 1329 1131 1398 primo
1155 1328 1323 1397 capite
1349 1327 1474 1393 legis
1497 1343 1559 1379 ex
1587 1325 1716 1377 urbe
1740 1326 1888 1377 exire

77 1396 375 1472 juffi'sunss
428 1419 494 1457 ne
537 1400 587 1454 se
625 1421 721 1472 pro
759 1401 962 1473 civibus
983 1401 1141 1453 Rom.
1179 1412 1442 1467 gererent,
1473 1397 1618 1467 quod
1647 1415 1679 1450 a
1702 1393 1885 1451 inultis

77 1472 267 1538 fiebat,
304 1486 362 1527 ut
395 1468 528 1527 olim
556 1471 922 1527 Gracchorum
959 1472 1285 1541 temporibus
1312 1489 1344 1522 a
1368 1469 1551 1523 Penno
1573 1472 1682 1540 jam
1710 1444 1891 1522 [πεί

71 1557 190 1610 tum
223 1556 356 1612 erat,
405 1545 528 1598 teste
565 1542 675 1601 Cic.
713 1545 778 1597 de
818 1545 931 1599 Off.
962 1544 1054 1596 111.
1087 1546 1182 1610 11,
1217 1545 1303 1613 qui
1346 1543 1482 1595 hanc
1516 1542 1882 1595 crudelitatem

27 1673 35 1683 ‚
75 1616 530 1687 valde‘improbat.
603 1617 845 1670 Alterum
870 1628 1024 1686 caput
1048 1612 1174 1682 suit,
1211 1633 1278 1668 ne
1304 1614 1449 1668 Socii
1474 1617 1654 1670 Latini
1676 1614 1886 1669 Romae

79 1687 262 1754 effent,
310 1707 376 1742 ne
414 1689 566 1753 urbes
592 1688 872 1742 Sociorum
907 1688 1084 1742 Latin.
1122 1689 1294 1741 vallae
1328 1687 1546 1753 fierent,
1593 1688 1734 1757 quod
1773 1690 1885 1757 jam

75 1760 199 1820 'ante
231 1760 294 1816 A.
327 1760 398 1819 U.
423 1760 724 1819 DLXXVI.
760 1763 842 1815 lex
875 1766 1089 1816 Claudia
1123 1760 1406 1814 consularis
1438 1758 1888 1831 rogatu‘ipsorum

77 1833 360 1888 Sociorum
399 1833 662 1902 sanxerat,
720 1852 852 1888 neve
886 1834 939 1890 se
973 1853 1069 1905 pro
1103 1834 1303 1888 civibus
1336 1834 1598 1886 Romanis
1633 1845 1887 1902 gererent,
1931 1873 1937 1885 .

77 1922 126 1961 v.
149 1891 266 1961 Liv.
291 1905 507 1982 XL1.18.
533 1910 612 1974 9..
645 1921 694 1960 et
717 1908 893 1977 paullo
918 1909 1027 1979 post
1047 1906 1111 1962 L,
1126 1907 1425 1959 Postumius
1438 1905 1661 1971 Consul,
1693 1905 1889 1957 uttser-
1962 1941 1973 1950 ·

74 1991 314 2045 var-etur,
350 1981 608 2043 edixerat,
646 1980 772 2037 ibid.
811 1980 982 2034 XLll.
1010 1985 1091 2034 10.
1163 1980 1348 2049 ltaque
1386 1999 1449 2034 ex
1486 1981 1585 2032 hac
1618 1980 1732 2047 lege
1755 1978 1888 2032 Ma-

77 2053 297 2122 mertini
338 2050 690 2114 M.'Craffum
735 2054 1005 2123 quendam
1037 2066 1273 2124 repetere
1307 2052 1670 2124 susceperunt,
1714 2069 1747 2103 a
1779 2068 1888 2120 quo

81 2133 263 2175 tamen
296 2125 504 2193 incepto
546 2119 724 2195 postea
757 2125 1015 2181 recess'ere.
1060 2146 1154 2196 pro
1188 2126 1355 2180 Balbo
1390 2146 1432 2181 c.
1469 2131 1555 2180 23.
1629 2126 1691 2176 In
1730 2125 1889 2194 hujus

83 2193 212 2262 legis
254 2206 504 2265 tempore·
537 2200 765 2268 graviter
798 2211 938 2250 errat
973 2198 1249 2265 Sigonius,
1296 2200 1387 2268 qui
1423 2217 1545 2252 eam
1579 2198 1746 2252 latam
1786 2195 1889 2250 effe

52 2330 66 2339 ..
121 2266 263 2319 aullo
285 2269 397 2338 post
418 2265 699 2322 Claudiam
727 2271 828 2335 ait,
861 2271 925 2323 de
947 2270 999 2326 J.
1027 2269 1177 2324 Prov.
1203 2271 1297 2326 111.
1329 2278 1390 2338 1.‚
1426 2289 1657 2342 eumque
1680 2269 1886 2323 secutus

59 2366 82 2374 ν·
129 2337 573 2412 αἰάιιίη.’.Ῐυι·ἰεΡῐ·.
600 2341 743 2396 Mne.
777 2361 827 2412 p.
859 2346 974 2397 101.
1012 2343 1221 2413 aliique,
1259 2363 1379 2410 cum
1402 2346 1517 2415 plus
1542 2356 1758 2414 centum
1783 2362 1889 2395 an-

51 2412 164 2467 .nis
197 2412 334 2482 inter
378 2415 660 2483 utramque
693 2413 902 2469 interfit.
976 2416 1163 2485 Itaque
1198 2414 1305 2471 Cic.
1343 2417 1409 2470 de
1444 2400 1559 2473 Off.
1595 2417 1695 2471 III.
1735 2420 1818 2472 11.
1853 2433 1890 2469 a

79 2477 290 2548 penno,
343 2488 436 2556 qui
468 2487 578 2556 post
610 2488 782 2555 legem
815 2485 1105 2541 Claudiam
1141 2490 1296 2556 vixit,
1345 2503 1396 2543 et
1429 2485 1600 2558 legem
1635 2487 1786 2542 snam
1819 2488 1886 2544 A.

75 2547 533 2631 UJBCXXVII.
562 2561 944 2630 promulgavit,
1002 2565 1303 2632 peregrinos
1349 2564 1725 2616 exterminatos
1761 2563 1890 2615 dicit

78 2636 215 2706 apud
245 2646 418 2698 patres
441 2635 631 2700 nosti-os
646 2673 659 2698 ,
691 2658 722 2687 a
744 2638 906 2700 Papio
933 2657 1104 2703 nuper.
1177 2635 1420 2703 Quidam
1442 2655 1568 2689 vero
1590 2636 1724 2688 duas
1747 2635 1889 2704 leges

75 2703 261 2771 'putant
283 2701 413 2760 latas
438 2721 471 2756 a
492 2705 689 2774 Papio,
726 2724 773 2759 v.
796 2706 1004 2759 Manut.
1032 2708 1098 2759 ad
1122 2706 1305 2775 Agr-ar.
1326 2709 1374 2763 I.
1401 2710 1453 2763 4.

99 2840 108 2846 α
252 2773 356 2848 ΡΑ
374 2777 451 2830 ΡΙ
466 2775 646 2844 RIA,
688 2780 748 2832 Ο.
771 2783 974 2847 Papirii
998 2783 1265 2846 Carbonis,
1293 2799 1401 2851 qua
1423 2782 1570 2848 tulit,
1601 2797 1655 2835 ut
1677 2788 1890 2835 eundem

87 2848 235 2909 Trib.
255 2854 382 2915 pleb.
420 2855 566 2903 toties
602 2873 774 2904 creare
806 2859 1013 2916 liceret,
1049 2861 1245 2922 quoties·
1265 2862 1475 2922 populus
1500 2862 1673 2908 vellet.
1745 2854 1890 2906 Eam

82 2916 370 2975 dissuasere
403 2919 460 2976 P.
496 2919 805 2989 Africanus,
852 2922 1094 2993 Laelius,
1138 2927 1244 2978 alii.
1333 2927 1504 2981 Nocte
1537 2925 1783 2997 sequente
1818 2926 1887 2976 ob

79 2988 218 3042 hanc
254 2991 424 3060 legem
458 2994 758 3048 interfectus
793 2996 875 3049 est.
953 2992 1061 3051 Cic.
1092 2999 1149 3049 in
1170 2998 1357 3052 Laelio
1396 3019 1439 3054 e.
1463 3002 1549 3055 25.
1585 3014 1636 3054 et
1659 3001 1776 3052 aliis
1802 2999 1889 3049 lo-

80 3063 171 3118 cis.
204 3062 266 3117 cf.
299 3063 438 3134 Epit.
460 3064 579 3120 Liv.
603 3066 668 3124 L.
695 3067 834 3121 Clx.
1616 3092 1625 3101 ·

140 3148 174 3184 ’.
252 3134 649 3205 PAPIRIA,
687 3141 770 3194 lex
796 3142 1072 3194 tribunitia
1095 3144 1326 3195 incertae
1355 3147 1553 3211 aetatis,
1589 3164 1695 3214 qua
1712 3142 1889 3196 sanci-

78 3216 194 3261 tum
231 3208 327 3274 est,
376 3231 438 3262 ne
469 3218 569 3278 quis
605 3221 753 3267 aedes
789 3230 877 3267 aut
914 3239 1259 3284 quamcumque
1296 3242 1430 3283 rem,
1469 3236 1682 3280 terram,
1722 3238 1886 3282 aram,

81 3285 297 3348 liguum,
345 3287 524 3348 injussu
558 3294 732 3350 populi
770 3294 1092 3355 consecraret.
1168 3289 1501 3346 Auctorsuit
1541 3294 1607 3343 0.
1632 3280 1888 3359 Papirius.

65 3348 186 3409 cic.
209 3373 307 3426 pro
330 3353 513 3408 Domo
538 3373 579 3409 e.
603 3357 688 3412 50.
1472 3391 1473 3394 ¹
1555 3345 1588 3365 κ
