2144 3600
387 94 1532 195 'nnl'r-mms-RMMAE.
1909 138 1942 178 v

115 274 238 331 Sed·-
243 274 405 331 illud
414 268 490 336 cst
508 273 825 329 maximum
850 271 911 328 in
939 272 1044 328 hac
1068 272 1287 329 ratione
1309 271 1755 338 incommodum,
1784 268 1935 340 quod

115 380 187 416 ea
218 358 510 447 perpaucis
532 360 856 415 consulitur.
930 360 1086 413 Nam
1113 375 1308 413 eorum
1327 396 1346 427 ,
1384 358 1483 427 qui
1510 357 1568 411 in
1595 357 1704 410 hoc
1727 374 1934 428 genere

113 447 425 515 excellunt,
459 455 525 500 et
538 443 735 519 'supra
742 443 1181 513 mediocritatem
1208 443 1263 498 [e
1288 442 1575 525 attollunt,
1614 443 1758 497 mira
1783 444 1934 495 sem-

11 603 16 607 ·
111 550 244 608 per
237 530 384 594 finit
398 542 454 588 et
477 549 631 587 nuno
669 548 893 628 quoque
922 532 994 584 est
1018 531 1284 603 paucitas.
1356 531 1432 584 Et
1454 530 1537 583 his
1559 539 1746 584 tamen
1774 545 1935 581 com·-

109 627 382 692 parantur
420 618 539 690 ejus
578 616 797 689 generis
820 616 1110 671 editiones,
1183 615 1335 670 Mihi
1364 625 1551 669 autem
1577 616 1686 669 hoc
1709 612 1935 668 videtur

110 706 218 760 effe
230 703 532 779 doctorum
555 703 873 775 bominum,
902 712 966 758 ut
990 703 1157 757 etiam
1179 719 1379 757 eorum
1404 700 1766 756 imbecillitati
1789 717 1929 772 pro-

25 807 34 819 ·
59 798 73 802 ”
106 788 371 864 spiciant,
410 789 508 863 qui
534 798 790 844 auctores
815 799 1035 844 veteres
1066 791 1431 858 cognoscere,
1472 798 1528 842 et
1550 785 1927 840 eruditionem

27 899 45 915 ··
105 875 185 931 'cx
198 874 271 930 iis
289 874 522 931 haurire
547 875 799 949 cupiunt,
836 893 1020 947 neque
1037 883 1219 927 tamen
1250 877 1359 929 fine
1388 874 1566 928 aliena
1595 892 1721 944 ope,
1758 880 1811 925 et
1832 870 1928 923 in·

105 955 365 1035 tirpretis
402 959 644 1031 auxilio,
692 963 918 1033 possunt
955 980 1048 1027 ea,
1091 977 1234 1030 quae
1273 959 1670 1014 eruditioribus
1700 957 1924 1026 vulgata

43 1095 46 1101 .
105 1040 366 1110 ettfauilia
390 1045 683 1115 videntur,
722 1043 1051 1118 intelligere.
1106 1045 1214 1099 His
1245 1044 1467 1099 fortaffe
1494 1043 1792 1099 subvenire
1816 1060 1925 1096 vo-

100 1135 329 1206 luerunt
350 1131 441 1204 hi,
480 1131 583 1203 qui.
604 1131 910 1194 Variorum
942 1140 1103 1187 notas
1119 1171 1140 1200 ,1
1173 1141 1270 1187 aut
1296 1139 1615 1204 excerptas,
1651 1129 1924 1185 aut-inte-
2024 1131 2030 1137 '

100 1225 248 1294 gras,
283 1219 396 1278 suis
419 1218 815 1291 adjunxerunt.
851 1247 853 1251 ·
881 1219 1144 1290 Quorum
1175 1219 1413 1272 alterum
1439 1216 1607 1271 habet
1630 1217 1736 1270 boc
1760 1232 1921 1269 com-

100 1305 286 1373 modi,
338 1296 714 1377 quodsfio‘sub
737 1307 1094 1379 conspectum
1122 1303 1445 1374 subjicitur,
1484 1301 1750 1374 quicquid
1772 1301 1921 1355 docti

99 1392 358 1446 homines
383 1389 453 1445 ad
478 1409 657 1445 unum
686 1400 970 1446 auctorem
987 1389 1374 1443 illustrandum
1391 1388 1923 1459 emen'dandumque

99 1477 490 1533 contulerunt=
527 1477 623 1532 sed
655 1476 816 1533 fimul
840 1474 1006 1530 etiam
1029 1474 1138 1528 hoc
1164 1475 1527 1542 incommodi,
1570 1474 1718 1544 quod
1740 1474 1927 1528 multa·

97 1584 173 1622 ne
200 1559 486 1621 tironibua'
522 1561 750 1633 quidem
786 1561 1006 1632 ignota,
1045 1560 1223 1615 multa
1249 1560 1316 1615 ad
1346 1561 1771 1633 intelligendum
1800 1579 1919 1615 non

95 1650 414 1728 ne‘eessssaria,
453 1649 631 1704 multa
658 1647 807 1716 falsa,
841 1645 1041 1701 melius
1065 1645 1234 1702 hodie
1257 1649 1563 1721 perspecta,
1598 1656 1652 1700 et
1676 1664 1706 1699 a
1731 1646 1920 1719 poste-

93 1735 342 1798 nioribus
379 1733 779 1809 interpretibus
815 1742 913 1788 aut
950 1732 1236 1788 confutata
1274 1735 1413 1805 jam,
1453 1744 1548 1788 aut
1574 1731 1919 1787 confutanda

14 1855 22 1861 =
94 1835 312 1895 tamen,
349 1821 585 1898 legen-da
606 1824 761 1889 sunt,
796 1829 1064 1890 tantaque
1087 1830 1346 1875 notarum
1371 1822 1550 1876 moles
1575 1818 1915 1891 congeritur,

93 1920 158 1966 ut
179 1910 298 1984 ipse
321 1918 515 1964 auctor
537 1916 825 1978 tamquam
851 1906 1050 1979 cymba
1077 1905 1135 1960 in
1162 1907 1393 1961 Oceano
1419 1916 1611 1961 natare
1636 1907 1911 1960 videatur.

22 2064 30 2068 -
91 2000 296 2072 Neque
326 2005 512 2054 tamen
550 1994 722 2050 altera
758 1992 902 2046 ratio
930 1993 1106 2063 magis
1128 1992 1419 2066 probanda
1446 1994 1550 2059 est,
1594 2002 1913 2066 propterea,

94 2082 246 2158 quod
270 2081 516 2137 delectus
539 2079 633 2134 ille
652 2078 893 2134 difficilis
920 2080 1010 2146 est,
1054 2098 1234 2149 neque
1259 2078 1422 2133 facile
1447 2080 1706 2134 omnibus
1725 2079 1784 2132 in
1811 2079 1915 2132 hac

47 2183 50 2186 ’
93 2169 313 2226 ratione
333 2165 594 2222 satisfieri
617 2167 809 2238 potest.
851 2164 1023 2234 Quod
1047 2168 1318 2220 mantum
1335 2166 1633 2234 Gronovii‚
1656 2165 1909 2231 Graevii,

42 2304 51 2324 J
91 2253 442 2320 Burmanni,
467 2260 534 2305 et
566 2251 652 2304 his
679 2249 878 2304 fimiles
900 2250 1008 2303 hoc
1028 2251 1275 2305 instituto
1300 2262 1625 2319 uterentur,
1665 2268 1912 2322 quorum

93 2343 169 2396 est
200 2341 260 2395 in
291 2339 399 2393 hoc
434 2355 639 2409 genere
666 2336 852 2405 notio,
898 2337 994 2408 qui
1019 2336 1330 2391 discernere
1356 2338 1504 2392 bona
1525 2357 1556 2392 a
1580 2338 1767 2405 malis»,
1803 2358 1913 2392 ne-

91 2424 311 2483 ceffaria
341 2424 410 2479 ab
446 2422 740 2491 inutilibus
774 2425 1015 2496 poffent,
1072 2427 1202 2477 effet
1233 2421 1485 2492 fortasse,
1537 2435 1601 2479 ut
1634 2425 1729 2480 ista
1763 2425 1909 2479 ratio

89 2510 266 2587 magis
287 2509 386 2566 illa
408 2507 687 2582 superiori
701 2511 877 2581 poffet
890 2509 1136 2582 probari.
1171 2511 1227 2564 N
1234 2530 1343 2564 unc
1365 2530 1494 2565 cum
1520 2512 1728 2586 oppido
1746 2512 1909 2585 pauci

89 2601 196 2654 {int
226 2616 301 2652 ex
334 2615 400 2651 ea
434 2596 620 2664 classe,
658 2614 777 2649 non
800 2597 875 2649 est
899 2595 1517 2666 committendum‚.ut,
1556 2600 1659 2652 hac
1682 2583 1908 2652 licentia

0 2691 21 2723 Τ
86 2685 262 2741 semel
286 2681 449 2752 facta,
487 2682 635 2759 male
660 2691 718 2736 et
739 2681 926 2754 inepte
950 2682 1245 2737 mutilandi
1260 2685 1463 2739 laboris
1488 2686 1656 2739 alieni
1670 2688 1910 2741 consue-

0 2779 1 2785 ’
41 2818 47 2823 .
88 2773 225 2826 tudo
246 2762 577 2838 invalescat,
618 2777 673 2821 et
701 2766 850 2821 orbis
874 2769 1124 2823 eruditus
1151 2771 1575 2840 SchrevelianiS,
1613 2771 1906 2849 Knippin-

86 2857 375 2929 gianisquc
399 2854 661 2909 similium
685 2852 999 2908 editionum
1022 2856 1183 2929 copia
1202 2856 1534 2927 inundetur,
1572 2859 1774 2927 quibus
1799 2878 1905 2930 pa-

55 2961 216 3011 ¹:rum
249 2939 505 3016 profecto
545 2941 677 2994 huic
711 2940 889 2994 studio
926 2944 1239 3010 consultum
1275 2941 1439 2996 foret.
1515 2946 1748 3018 Optima
1789 2947 1903 2998 fine

87 3028 260 3084 dubio
284 3027 430 3083 ratio
456 3026 803 3081 edendorum
829 3035 1123 3081 auctorum
1156 3031 1283 3081 cffet
1303 3050 1394 3099 ea,
1435 3032 1592 3100 cujus
1625 3033 1770 3102 leges
1798 3050 1902 3084 ex-

35 3155 61 3199 c·
83 3116 285 3188 positas
312 3130 496 3184 nuper
519 3134 552 3167 a
576 3114 864 3181 Creverio,
903 3113 965 3166 in
989 3112 1334 3186 praefatione
1358 3117 1617 3184 Liviana,
1646 3117 1899 3187 legimus.

44 3213 51 3238 ³
84 3202 297 3255 Earum
322 3203 542 3253 summa
562 3199 698 3251 haec
721 3200 812 3266 est,
840 3210 902 3254 ut
923 3200 1108 3271 primo
1137 3201 1327 3256 critica
1352 3204 1619 3257 subtilitas
1635 3202 1921 3256 adhibea-

37 3327 59 3368 4„
80 3296 203 3357 tur,
242 3296 501 3355 totusque
536 3295 731 3341 auctor
768 3304 799 3338 e
825 3285 1004 3339 Codd.
1039 3288 1200 3342 MSS.
1225 3289 1536 3360 primisque
1561 3288 1899 3343 editionibus

1165 3380 1193 3410 *
1231 3375 1263 3429 5
1759 3394 1902 3431 con-

1379 3477 1403 3509 ι
