2124 3640
195 120 305 172 678

917 118 1295 176 INDEX

207 268 465 327 lacessendi,
501 269 651 316 subtili
682 272 899 318 venustate
933 281 1067 340 atque
1141 273 1305 337 effe-nt,
1334 286 1380 322 et
1395 286 1508 323 ante
1533 279 1714 325 trinum
1738 282 2007 325 nundinum

213 330 484 372 urbanitate
506 331 758 388 conjuncta.

212 389 451 443 quaedam
478 388 526 429 in
537 387 661 446 suno
674 389 805 437 vocis,
836 397 881 432 et
891 391 1074 434 Romae

213 445 342 487 natis
368 452 421 486 etv
451 449 662 489 educatis
684 450 899 502 propria.
947 446 1073 492 Brut.

818 334 839 351 ⁴*
853 338 1072 393 venustas
1141 337 1300 380 redire
1319 340 1385 379 ad
1407 342 1662 392 petendum
1678 336 1868 397 poffent.
1907 340 2006 383 Sed

1147 393 1384 438 Victorius
1412 395 1527 439 Var.
1551 395 1674 445 Lect.
1697 395 1785 440 IV.
1815 400 1884 443 12.
1910 413 2005 452 ρα-

1147 457 1220 493 lat
1240 447 1323 510 effe
1348 454 1483 502 leves,
1503 455 1758 508 joculares.
1814 455 1878 497 Et
1895 469 2005 510 pro-

214 501 287 546 46.
320 504 610 547 urbanitatis
647 504 796 547 color:
852 507 936 561 qui
963 506 1076 563 quid
1138 508 1267 566 fecto
1294 523 1458 553 omnes
1495 512 1840 566 competitores,
1891 526 2008 568 quos

199 561 274 617 fit
301 560 352 601 in
379 575 509 610 voce,
536 562 600 604 ibi
624 563 902 616 explicatur.

272 616 584 662 URBANUS.
643 622 834 672 elegans
870 621 920 661 in
949 619 1079 662 omni

210 674 410 729 judicio,
439 677 583 726 dicto,
599 675 763 732 facto;
801 678 1082 734 opponitur-7

217 745 308 788 que
329 732 556 788 imperito,
581 733 766 791 absono,
792 735 871 775 etc'.
904 733 959 776 ad
976 734 1080 777 Div.

219 789 305 830 111.
330 792 372 834 8.
403 797 444 832 te
466 789 709 840 hominem,
741 807 831 834 non
855 790 1001 836 solum
1021 791 1081 839 [af

220 845 428 905 pientem,
450 864 605 890 verum
633 848 778 897 etiam,
810 859 858 891 ut
880 849 1082 892 nuncto·-

221 903 419 963 quimur‚
451 908 714 949 urbanum.'
734 919 780 949 υ.
806 907 1085 957 Urbanitas,

220 977 269 1004 n.
296 965 336 1006 1.
373 963 604 1013 Ceterum,
628 967 754 1020 quod
778 979 840 1007 ex
862 969 908 1007 Ιι.
931 968 962 1007 l.
978 964 1083 1023 poft

222 1019 421 1078 Quintil.
452 1020 568 1080 Inst.
598 1020 681 1064 Or.
703 1022 847 1065 VIII.
874 1024 916 1068 3.
959 1024 1088 1065 colli-

219 1085 364 1132 gunt,
396 1079 596 1134 urbanus
615 1076 758 1137 fugffe
786 1088 888 1123 tum
912 1096 1086 1124 nouum

220 1137 520 1186 vocabulum,
559 1138 609 1179 id
640 1138 762 1180 milii
787 1153 884 1180 non
915 1141 1086 1194 placet.

221 1192 355 1235 Nam
369 1194 446 1250 fic
475 1198 625 1247 multo
656 1196 811 1248 magis
846 1197 987 1238 etiam
1011 1211 1087 1238 ur·

220 1251 414 1294 bonitas
463 1266 636 1295 novum
686 1255 878 1295 verbum
905 1251 1082 1310 suqffet.

220 1309 318 1351 Sed
329 1307 501 1365 sensus
512 1311 597 1359 hic,
627 1324 653 1352 e
660 1309 958 1368 philosophia
969 1312 1088 1355 Stoi-

221 1382 279 1418 ca
300 1369 539 1420 repetitus,
553 1375 661 1411 erat
681 1383 843 1411 novus.
879 1369 1088 1413 Verbum

225 1425 352 1465 enim
381 1424 584 1467 urbanus
618 1423 679 1483 cst
704 1428 815 1481 jam
839 1442 918 1481 ap.
944 1427 1086 1470 Plau·

223 1488 328 1524 tum
349 1483 409 1523 de
417 1482 607 1540 scurris
630 1485 846 1527 Trinum.
862 1485 958 1529 Ι.2.
986 1486 1086 1529 165.

224 1546 272 1580 et
292 1540 422 1582 alibi.
478 1540 559 1583 Ita
583 1556 693 1585 vero
719 1543 862 1585 etiam
882 1544 966 1584 hoc
993 1557 1088 1584 ver-

219 1598 339 1639 *bum
359 1597 494 1652 capio
506 1597 634 1641 Verr.
650 1599 684 1641 I.
700 1601 740 1644 6.
757 1597 1086 1643 homineslauti

228 1661 272 1695 et
305 1656 493 1698 urbani.
550 1655 633 1699 Ita
666 1657 791 1699 enim
815 1658 986 1700 ironice
1010 1673 1089 1701 vo-

227 1719 305 1753 cat
341 1714 555 1755 homines
587 1713 734 1757 Verri
765 1715 965 1764 amicos,
1006 1714 1093 1772 qui

228 1783 447 1812 rumores
481 1770 774 1828 dissiparant
805 1772 1090 1827 improbabi-

229 1829 326 1875 les,
366 1829 535 1882 quibus
562 1842 699 1870 nemo
719 1829 875 1885 fidem
900 1835 1091 1882 poterat

228 1885 419 1926 habere.
443 1894 454 1905 ‘
474 1885 624 1927 *urbi
644 1885 828 1929 Romae
849 1888 1091 1942 proprius,

228 1941 495 1986 Romanus.
555 1941 682 1986 Brut.
707 1943 778 1989 46.
812 1943 919 2001 quid
945 1951 994 1985 tu
1017 1942 1091 1985 tri-

231 1998 334 2041 buis
376 1998 466 2041 istis
502 2001 716 2050 externis
758 1998 877 2065 quasi
902 2000 1094 2057 'oratori-

229 2055 350 2098 bns?
391 2055 498 2114 quid
529 2056 699 2107 censes,
727 2058 807 2100 nin
829 2057 947 2100 idem
973 2055 1094 2115 quod

154 2140 155 2143 =
233 2116 446 2168 urbanis,
478 2123 652 2172 praeter
675 2130 830 2163 unum,
862 2114 982 2172 quod
1002 2130 1095 2157 non

220 2169 295 2214 -est
308 2187 465 2216 eorum
491 2172 680 2230 quadarn
694 2173 964 2216 urbanitate
975 2170 1098 2231 quafi

234 2227 432 2272 colorata
464 2229 627 2278 oratio,
658 2254 673 2263 ·
697 2255 712 2263 -
742 2230 789 2272 in
812 2230 995 2273 vocibus
1021 2244 1096 2271 no-

234 2285 429 2330 [trorum
450 2295 679 2330 oratorum
703 2287 860 2332 recinit
883 2286 1096 2346 quiddam

233 2352 278 2386 et
322 2344 496 2387 resonat
535 2347 780 2389 urbanius.
838 2345 1096 2401 *perpetuo

231 2402 417 2445 Romae
458 2403 642 2450 vivens,
666 2428 669 2433 =
697 2410 742 2444 et
781 2403 971 2459 quidem
1009 2408 1099 2444 aut

232 2458 384 2515 otiose,
414 2468 502 2503 aut
522 2460 692 2518 caufizs
714 2461 763 2502 in
776 2459 896 2516 soro
915 2473 1100 2514 gerens,

233 2524 322 2559 aut
358 2515 609 2572 senatorio
642 2532 838 2560 munere
864 2518 1100 2573 fungens.

232 2572 322 2617 Pis.
343 2577 413 2618 26.
444 2573 491 2616 in
516 2575 597 2618 hac
623 2574 892 2634 quotidiana,
921 2574 1099 2626 assidua,

237 2633 519 2689 urbanaque
543 2634 642 2676 vita.
707 2632 798 2675 Att.
824 2631 859 2675 Ι.
886 2635 926 2676 1.
956 2641 1102 2675 cetera

235 2687 365 2746 spero
405 2689 574 2745 prolixa
616 2689 737 2739 fore,
786 2688 854 2732 his
893 2689 1101 2733 duntaxat

238 2747 437 2788 urbanis
450 2746 816 2813 competitoribus
830 2763 841 2788 ι
873 2747 998 2790 illam
1011 2763 1101 2791 mar

236 2818 350 2846 num
401 2810 451 2844 tu
505 2803 615 2846 mihi
663 2820 770 2847 cura
810 2812 859 2846 ut
898 2805 1100 2864 praestes,

238 2859 443 2918 Pompeii
467 2861 604 2903 nostri
630 2860 774 2904 amici.
831 2862 1101 2906 Gronovius

237 2919 580 2972 interpretatur
601 2922 660 2960 de
683 2916 888 2976 affi'duis,
921 2921 1006 2976 qui
1027 2935 1101 2971 ur·

240 2977 379 3018 banis
407 2976 615 3024 artibus,
653 2983 704 3017 ut
731 2978 911 3026 Cicero,
940 2977 1101 3033 Sulpi-

185 3073 190 3075 .
236 3035 359 3082 cius,
397 3035 709 3081 excellebant,
760 3048 857 3075 non
886 3035 1103 3078 militari·

239 3093 341 3133 bus.
371 3092 463 3132 vid.
488 3094 547 3132 de
559 3090 752 3133 Sestert.
768 3090 856 3132 1V.
882 3092 926 3134 9.
950 3107 984 3132 a
1003 3107 1101 3149 qua

235 3149 626 3203 'interpretatione
657 3161 754 3189 non
787 3149 907 3190 adeo
932 3149 1103 3191 recedit

238 3208 395 3248 altera
432 3205 718 3263 Casauboni‚
760 3205 985 3254 corradi,
1020 3205 1106 3263 qui

242 3263 438 3305 urbanos
471 3263 784 3322 competitores
811 3270 988 3319 putant
1021 3262 1105 3318 op-

235 3318 358 3374 poni
388 3320 446 3361 iis
471 3321 738 3374 praetoriis
766 3320 903 3369 viris,
923 3318 1028 3376 'qui
1053 3322 1106 3362 in

235 3376 516 3433 provinciis,

1147 569 1547 617 commemoravit,
1574 570 1634 610 ab
1660 568 1758 626 ipso
1779 572 1900 611 tales
1924 565 2008 626 effi:

1149 625 1397 673 dicuntur,
1428 633 1480 666 ut
1501 626 1772 674 rideantur,
1799 634 1887 668 aut
1908 626 2009 682 rJ'sa

1150 682 1286 736 digni
1286 683 1403 741 sint,
1434 689 1519 724 aut
1533 685 1655 725 tales
1661 683 1882 739 fuerunt.
1911 684 2008 726 Sed

1151 739 1459 782 Gro’noviana
1495 741 1820 795 interpretatio
1854 743 2010 794 magis

1151 797 1444 853 miln'placet.
1477 797 1692 852 'facetus,
1719 800 1877 846 dicax,
1898 814 2010 854 qua-

1152 857 1222 897 les
1258 869 1424 910 nempe
1435 855 1557 908 fieri
1575 853 1732 911 solent
1756 854 1894 912 otioſse
1915 857 2013 898 Ro-

1153 914 1279 955 mae
1295 911 1497 954 viventes
1507 942 1518 959 ,
1568 912 1778 969 nihilque
1811 923 2016 967 agentes,

1156 969 1247 1027 nili
1273 977 1325 1011 ut
1348 971 1398 1012 in
1410 962 1639 1025 jormsub
1660 971 1859 1025 basilicas
1871 970 2014 1029 stent,

1155 1029 1354 1071 circulos
1362 1027 1566 1083 faciant,
1580 1034 1660 1068 etc.
1682 1031 1807 1069 unde
1820 1032 2015 1071 tandem

1151 1101 1244 1141 pro
1267 1083 1442 1141 scurra
1475 1085 1570 1126 dici
1597 1085 1764 1139 coepit,
1795 1093 1846 1126 ut
1866 1094 2014 1128 osten-

1156 1144 1228 1185 dit
1251 1143 1454 1186 Gronov.
1485 1143 1516 1182 l.
1549 1158 1585 1183 c.
1633 1141 1693 1197 cf.
1717 1141 1922 1199 Salmas]
1947 1147 2014 1185 ad

1155 1200 1386 1244 Pollionis
1418 1197 1580 1242 XXX
1607 1207 1694 1253 tyr.
1729 1216 1776 1252 p.
1814 1201 1913 1245 316.
1960 1201 2015 1244 ad

1157 1257 1261 1300 Div.
1287 1257 1366 1300 lX.
1398 1258 1467 1301 15.
1500 1255 1817 1300 urbanitates.
1875 1253 2016 1301 Dom.

1156 1317 1229 1371 24.
1260 1323 1305 1357 et
1325 1313 1460 1360 horno
1484 1313 1665 1363 facetus,
1690 1313 1863 1356 inducis
1885 1315 2018 1359 etiam

1157 1372 1406 1417 sermonem
1421 1373 1666 1414 -urbanum
1685 1386 1737 1415 ae
1761 1371 2015 1431 venustum:

1158 1446 1230 1473 me
1265 1429 1410 1473 dicere
1445 1428 1608 1478 solere,
1645 1427 1730 1471 esse
1753 1445 1823 1471 me
1845 1430 2018 1482 jovem,

1158 1486 1438 1545 eundemque
1489 1485 1712 1536 dictitare,
1770 1485 2020 1532 Minervam

1159 1545 1244 1589 esse
1264 1544 1461 1589 sororem
1476 1560 1634 1587 meam.
1684 1541 1836 1586 ''Vei-r.
1851 1544 1933 1586 111.
1947 1548 2017 1592 86.
2056 1540 2060 1545 ’
2121 1549 2124 1555 ‘

1159 1605 1348 1647 urbana
1375 1601 1560 1660 praedia.
1603 1616 1650 1644 v.
1675 1599 1948 1644 Praedium.

1217 1659 1391 1704 URBS.
1434 1661 1625 1714 elegans
1659 1658 1720 1718 est
1751 1660 1871 1701 illud
1896 1660 2021 1702 Cice-

1157 1718 1320 1763 ronis:
1360 1715 1462 1759 Div.
1500 1716 1558 1758 11.
1594 1718 1663 1760 16.
1695 1717 1856 1759 urbem
1878 1715 2020 1774 philo-

1159 1774 1338 1840 sophiae
1366 1772 1577 1833 proditis,
1618 1773 1728 1815 dum
1754 1772 1928 1817 castella
1950 1773 2020 1816 de·

1160 1831 1450 1933 fessiiiibo.
1489 1885 1588 1928 Nat.
1613 1885 1751 1929 neor.
1778 1886 1859 1928 111.
1884 1887 1956 1932 35.
1971 1887 2025 1944 st

1163 1949 1310 1991 uredo
1337 1943 1590 2002 autgrando
1606 1942 1839 2011 quippiam
1852 1946 2020 1988 nocuit.
2096 1959 2097 1965 ¹
2121 1952 2124 1971 ²

1164 2002 1247 2062 Est
1269 2010 1430 2044 autem
1453 2002 1616 2055 rubigo
1642 2010 1710 2043 lta
1731 2003 1878 2050 dicta,
1909 2002 2023 2058 quia

1164 2061 1288 2105 oriri
1318 2060 1595 2103 credebatur
1619 2060 1684 2101 ab
1717 2057 1878 2114 occasu
1904 2059 2029 2116 solis

1154 2120 1344 2178 frigido
1368 2124 1412 2159 et
1432 2115 1672 2173 pruinosi),
1685 2114 1911 2173 sequente
1920 2115 2028 2173 sole

1167 2177 1281 2225 acri,
1310 2192 1344 2218 a
1369 2190 1461 2231 quo
1488 2175 1714 2216 inuratur
1728 2177 1914 2230 pruina
1922 2190 1938 2225 ;
1952 2174 2028 2230 fic

1167 2232 1374 2290 Salmas.
1413 2234 1479 2273 ad
1510 2232 1660 2275 Solin.
1696 2247 1744 2284 p.
1772 2233 1870 2281 308.
1931 2233 2029 2274 Sed

1168 2293 1327 2347 Cujac.
1355 2288 1538 2346 Observ.
1560 2287 1673 2332 XV.
1686 2290 1758 2332 28.
1788 2288 2028 2347 distinguit

1168 2351 1296 2392 inter
1326 2347 1576 2404 rubiginem
1598 2354 1643 2388 et
1664 2344 1919 2406 uredinem,
1947 2361 2028 2388 au-

1167 2414 1291 2451 ctore
1312 2405 1492 2453 Plinio,
1523 2410 1574 2446 ul
1608 2404 1772 2456 rubigo
1779 2405 1850 2460 stt
1870 2417 1894 2444 e
1917 2417 2026 2444 rore

1164 2462 1459 2522 putrefacto,
1487 2498 1489 2500 .
1515 2463 1663 2503 uredo
1721 2474 1747 2502 e
1803 2468 2027 2502 concreto.

1150 2529 1307 2566 recte.
1362 2519 1620 2563 Uredinem
1645 2534 1680 2560 a
1689 2516 1880 2573 frigore
1901 2518 2029 2572 repc-

1167 2581 1228 2622 tit
1250 2579 1394 2621 etiam
1405 2577 1664 2620 Columella
1682 2574 1782 2616 ΙΙΙ.
1797 2577 1869 2619 20.
1900 2575 2032 2621 rubi-
2101 2604 2124 2652 ,λ

1169 2639 1328 2694 ginem
1349 2652 1382 2678 a
1405 2637 1558 2677 calore
1581 2635 1704 2674 idem
1725 2632 1789 2675 X.
1815 2631 1917 2678 342.
1945 2639 2028 2674 etc.

1229 2693 1452 2738 URERE.
1507 2693 1566 2733 ae
1584 2689 1785 2747 frigore.
1845 2687 2030 2731 Tuscul.
2084 2658 2120 2706 *⁸

1172 2750 1233 2794 II.
1250 2754 1320 2796 15.
1351 2756 1609 2808 pernoctant
1622 2755 1846 2789 venatores
1859 2746 1905 2788 in
1917 2747 2033 2796 nive,

1171 2809 1222 2852 in
1253 2806 1480 2851 montibus
1504 2805 1585 2848 uri
1602 2802 1645 2846 [e
1668 2805 1915 2862 patiuntur.

1228 2862 1502 2910 URGERE.
1560 2861 1713 2904 Plane.
1749 2863 1822 2907 28.
1854 2875 2033 2909 nomen,
2110 2846 2113 2851 ⁴

1172 2921 1295 2981 quod
1319 2927 1479 2973 urget,
1509 2917 1756 2962 dissolvere.
1814 2916 1947 2960 Tust„
1972 2917 2033 2960 Π,
2102 2928 2107 2967 3·

1170 2982 1254 3027 23..
1277 2978 1440 3031 urgeri
1463 2975 1672 3036 pondere.

1230 3032 1420 3079 URNA.
1452 3034 1506 3077 ad

1173 3158 1272 3194 tum
1297 3147 1568 3207 adaequavit.

1228 3204 1560 3252 USUCAPIO.
1601 3202 1663 3265 est
1688 3205 1770 3264 jus
1803 3203 1876 3246 rei
1903 3195 2037 3259 poff12
2088 3218 2091 3223 ·

1175 3266 1362 3308 dendae
1386 3264 1433 3323 s.
1475 3262 1676 3306 dominii
1711 3261 1924 3315 adeptio,
1981 3265 2033 3299 ut
2097 3280 2102 3296 .-

1177 3322 1293 3365 JCti
1319 3321 1603 3377 loquuntur,
1643 3320 1764 3376 quae
1792 3317 1945 3360 oritur
1974 3329 2036 3356 ca:
2054 3326 2062 3334 “·
2090 3324 2099 3331 ’·

595 3378 797 3422 miliciae
831 3376 902 3436 se.
949 3375 1110 3437 eausa,
1183 3394 1260 3430 eo,
1290 3383 1415 3437 quod
1438 3393 1540 3424 rem
1561 3390 1651 3434 per
1673 3384 1851 3421 certum
1870 3381 2038 3438 tempo·
2077 3411 2096 3415 Α,

1972 3445 2040 3475 ms
2091 3443 2098 3478 q

1539 3033 1630 3088 Qu.
1657 3031 1807 3074 Fr.11.
1833 3032 1874 3076 6.
1907 3029 2039 3073 Sena·
2097 3026 2099 3030 ’

1174 3100 1327 3136 torum
1342 3107 1469 3135 urna
1495 3088 1668 3148 copiose
1687 3087 1882 3139 absolvit,
1913 3086 2037 3146 equi·
2095 3125 2098 3147 5
