2144 3600
265 166 328 218 18
971 158 1343 219 INDEX

260 319 308 374 4,
345 321 423 372 10,
448 352 462 364 ‚-
500 314 880 385 Supplementa
922 315 1089 368 secere
1127 318 1286 370 etiam
1309 316 1489 372 Tribb.
1517 318 1685 388 plebis
1716 321 1907 392 aliique
1942 344 2067 379 ma-

258 391 492 459 gistratus
537 389 740 454 legibus
767 391 859 441 *de
920 391 1033 456 jure
1091 390 1232 441 civili
1277 391 1520 445 ferendis.
1595 390 1910 463 Cujusmodi
1952 397 2068 450 sunt

264 463 523 525 Voconia,
569 458 762 525 Furia,
816 460 1082 527 Falcidia,
1132 460 1397 532 Aquillia,
1436 475 1487 516 et
1517 482 1731 532 omnes,
1766 485 1900 538 quae
1933 471 2068 539 juris

151 555 157 558 ’
258 534 449 606 privati
477 531 610 584 sunt.

299 640 303 662 ;
376 631 378 633 >
429 602 787 669 EBUTIA,
825 605 929 660 vid.
966 607 1202 659 Aebutia.

272 739 277 744 Ι
302 710 329 741 -Ι
379 727 382 731 ,
413 676 695 734 ⁴FABIA
733 684 794 728 de
822 683 986 743 servis.
1010 684 1188 731 alienis
1218 687 1426 733 retentis
1450 678 1484 736 s.
1512 690 1576 735 de
1599 689 1892 753 plagiariis,
1931 685 2069 736 utin

258 749 519 820 veteribus
554 750 683 818 juris
721 749 866 801 libris
892 751 1102 802 citatur.
1175 750 1304 820 Ejus
1332 753 1462 804 haec
1486 756 1566 807 vis
1590 753 1712 821 suit,
1751 757 1960 824 nequis
1980 770 2070 808 aut

256 825 576 893 ingenuum,
633 835 724 874 aut
765 821 1097 887 libertinum,
1149 836 1239 875 aut
1277 823 1486 877 {ervum
1526 827 1792 893 alienum,
1838 828 2070 882 invitum

184 940 189 954 .,
259 893 434 947 secum
462 894 696 958 haberet,
735 906 825 944 aut
848 895 1030 959 invito,
1067 895 1148 946 vel
1174 893 1423 948 insciente
1440 900 1658 950 domino
1674 901 1938 964 venderet,
1975 913 2069 954 aut

208 977 211 984 ’
258 979 458 1034 emeret
494 964 670 1018 sciens·
700 961 703 969 ’
744 965 875 1034 Ejus
909 968 1109 1023 mentio
1141 969 1282 1035 apud
1305 966 1614 1022 Ciceronem
1649 991 1744 1042 pro
1770 969 1828 1024 C.
1846 972 2067 1023 Rabirio

258 1039 410 1098 Perd.
446 1058 493 1095 ,(ῑ.
524 1044 601 1102 3.,
649 1038 715 1089 ad
749 1055 912 1106 quern
935 1039 1108 1092 locum
1135 1042 1239 1094 vid.
1265 1041 1557 1095 Turnebus.
1594 1045 1658 1098 cf.
1686 1045 1903 1098 Paullus
1923 1044 2070 1098 Sent.

203 1172 209 1178 1
260 1113 383 1164 Rec.
412 1110 474 1161 V.
500 1115 583 1163 30.
612 1113 660 1161 6.
699 1106 940 1162 Gravina
970 1111 1118 1179 Orig.
1147 1113 1187 1162 J
1194 1131 1267 1165 ur,
1293 1134 1344 1184 p.
1370 1117 1492 1168 462.
2142 1116 2144 1119 ’

432 1180 698 1233 FABIA
751 1190 814 1233 de
868 1206 1071 1235 numero
1105 1189 1436 1254 sectatorum,
1500 1204 1595 1254 pro
1636 1185 1868 1245 Murena
1904 1205 1946 1239 c.
1977 1186 2089 1250 34„

265 1260 539 1318 Senatores
577 1255 668 1321 qui
706 1253 969 1318 dicantur,
1027 1256 1133 1307 vid.
1172 1274 1254 1325 ap.
1288 1257 1554 1324 Quintum
1590 1257 1678 1311 Fr.
1716 1260 1782 1310 de
1817 1250 2085 1327 petitione'

259 1326 580 1390 consulatus,
625 1324 719 1375 ubi
758 1324 825 1375 ab
869 1328 1223 1380 Salutatoribus
1260 1341 1310 1380 et
1340 1330 2070 1398 Deductoribushdistinguun-

258 1415 360 1454 tur.
420 1398 490 1450 Ei
515 1398 624 1461 rei,
665 1399 919 1465 quoniam
942 1399 1007 1450 ad
1034 1398 1297 1452 ambitum
1323 1402 1582 1469 pertinere
1607 1401 1905 1468 videbatur,
1942 1421 2068 1454 mo-

261 1474 390 1526 dum
422 1470 642 1522 statuere
679 1468 852 1532 visum
880 1471 948 1521 est
977 1470 1175 1537 Fabio,
1213 1472 1370 1542 hujus
1395 1472 1713 1540 legislatori.
1783 1478 1794 1500 ⁸

434 1541 540 1593 FL
560 1538 767 1603 ACCI
805 1549 869 1593 de
899 1547 1064 1595 Sullae
1100 1551 1251 1609 actis,
1286 1545 1391 1595 vid.
1424 1549 1650 1598 Valeria.
1946 1590 1950 1594 ,

431 1613 538 1665 FL
558 1611 865 1666 AMINII
906 1623 969 1667 de
1007 1638 1132 1684 agro
1161 1621 1358 1669 Gallico
1397 1632 1448 1669 et
1470 1622 1687 1683 Piceno,
1736 1614 1899 1669 Acad.
1928 1616 1994 1669 II.
2020 1617 2069 1669 5.
2134 1631 2137 1639 ‘

260 1688 479 1757 Aliquot
505 1687 658 1738 annis
687 1698 808 1738 ante
840 1685 1130 1739 secundum
1155 1687 1412 1741 Punicum
1437 1688 1666 1753 bellurn,
1703 1689 1868 1740 invito
1895 1688 2070 1740 Sena-
2104 1686 2114 1693 Χ

259 1775 345 1826 tu,
383 1779 415 1812 a
449 1764 506 1812 C.
532 1764 784 1811 Flaminio
807 1758 953 1811 Trib.
989 1759 1124 1828 pleb.
1149 1760 1281 1826 lata3
1328 1761 1393 1811 de
1417 1779 1542 1829 agro
1569 1761 1762 1812 Piceno
1787 1774 1836 1812 et
1860 1756 2070 1814 Gallico

166 1899 168 1902 f
259 1830 461 1886 viritim
498 1831 799 1882 dividendo.
835 1833 891 1881 in
926 1830 1089 1884 Bruto
1127 1851 1168 1884 c.
1205 1837 1283 1885 14.
1321 1833 1383 1885 cf.
1421 1834 1487 1886 de
1522 1834 1717 1886 Invent.
1748 1832 1814 1888 ΙΙ.
1845 1837 1956 1896 17.;
2001 1834 2068 1886 ad

262 1907 326 1968 h.⁴
348 1905 396 1958 l.·
418 1905 603 1975 alludit
627 1901 757 1955 Cato
780 1904 834 1953 in
860 1902 1044 1972 Origg.
1073 1923 1156 1974 ap.
1175 1903 1335 1959 Varr.
1361 1905 1423 1957 R.
1449 1905 1515 1958 R.
1538 1907 1571 1958 l.
1597 1910 1674 1971 2.,
1725 1905 1816 1956 ubi
1844 1905 1986 1957 male
2011 1907 2071 1956 in

260 1978 429 2047 vulgg.
466 1975 733 2027 nonnullis
759 1975 983 2042 elegitur:
1023 1986 1226 2043 jubente
1267 1981 1493 2045 Caesare.
1567 1977 1713 2030 Nam
1748 1979 1793 2029 is
1831 1994 1954 2044 ager
1979 1977 2071 2028 diu

261 2064 386 2106 ante
409 2045 708 2107 -Caesarem
751 2047 850 2098 hac
898 2049 1010 2116 lege
1058 2048 1249 2101 divisus
1286 2050 1367 2103 est..
1402 2101 1405 2103 ,
1461 2055 1686 2103 Gallicus
1732 2060 1910 2101 autem
1947 2072 2071 2117 ager·

260 2125 355 2194 qui
381 2121 464 2188 fit,
512 2140 559 2174 ν.
591 2121 705 2173 lnd.
731 2117 923 2188 Geogr.
999 2117 1246 2177 Ceterum
1274 2121 1412 2172 hanc
1430 2115 1605 2189 ..legem
1632 2123 1844 2178 initium
1870 2133 1920 2172 et
1942 2139 2072 2172 cau-
2093 2133 2109 2144 ³

263 2196 379 2249 sam
415 2206 690 2259 corruptae
719 2191 886 2261 plebis
914 2192 1059 2244 fuifl'e
1085 2193 1233 2245 docet
1261 2193 1533 2263 Polybius,
1569 2194 1635 2248 L.
1662 2194 1728 2248 11.
1765 2213 1814 2262 p.
1847 2196 1963 2246 152.

299 2298 303 2304 -
435 2266 504 2319 L.
542 2263 851 2330 FLAVH
888 2273 1111 2333 agraria,
1150 2265 1215 2318 ad
1239 2264 1344 2317 Att.
1372 2266 1410 2318 l.
1445 2267 1523 2320 18.
1554 2271 1650 2331 19„
1694 2267 1786 2334 qui
1802 2265 2070 2323 Tribunus

172 2339 178 2344 ’
262 2340 333 2412 pl.
372 2357 494 2391 eam
530 2326 650 2403 tu'lit
686 2336 904 2396 Metello
933 2334 1116 2390 Celere
1149 2350 1202 2391 et
1221 2336 1470 2389 Afranio-
1493 2337 1623 2392 Coff.
1660 2350 1872 2390 auctore
1894 2336 2071 2388 ‘Pom-

179 2466 183 2480 ,
264 2416 412 2484 pejo‚
462 2410 551 2463 sed
587 2428 695 2461 non
740 2409 966 2478 pertulit.
1040 2409 1194 2463 Nam
1234 2396 1298 2460 (le
1331 2411 1468 2476 agris
1497 2402 1795 2462 vdividendis
1831 2408 2074 2478 Pompeji

265 2484 527 2537 militibus
556 2495 652 2535 etc.
676 2480 890 2545 serebat,
927 2498 1347 2548 magnorumque
1370 2494 1613 2532 motuum
1639 2481 1788 2535 causa
1810 2479 1924 2534 fuit.
1971 2481 2075 2532 Vi-

267 2557 468 2610 dendus
491 2551 830 2612 DioCasfiu's
857 2554 1116 2622 inprimis,
1154 2551 1430 2604 XXXVII.
1463 2572 1512 2620 p.
1536 2554 1639 2606 52-
1744 2560 1747 2567 ’

442 2625 697 2686 FRUM
708 2624 819 2678 EN
833 2625 880 2677 T
899 2623 1172 2676 ARIAE
1209 2623 1341 2689 sunt,
1375 2625 1565 2694 quibus
1590 2626 1797 2695 largitio
1825 2622 2078 2686 frumenti

267 2700 411 2771 plebi
437 2718 498 2751 ex
525 2699 726 2749 aerario
751 2697 995 2753 facienda
1023 2696 1281 2767 propofita
1302 2707 1354 2748 et
1378 2696 1573 2756 sancita
1602 2700 1686 2752 est.
1761 2697 1846 2747 De
1873 2696 1936 2747 iis
1971 2694 2074 2747 vid.

269 2774 501 2840 Lipsium
534 2770 699 2822 Elect.
741 2769 780 2823 I.
811 2774 889 2834 8.,
924 2770 1015 2838 qui
1051 2782 1232 2822 tamen
1269 2787 1375 2820 non
1396 2786 1595 2835 ,omnes
1617 2771 1753 2837 leges
1777 2768 2077 2819 frumenta-

268 2838 376 2899 rias
418 2843 888 2904 commemoravit3
951 2854 1000 2893 et
1032 2841 1303 2895 Vincentii
1353 2844 1629 2895 Contareni
1666 2844 1732 2893 de
1767 2840 2077 2902 frumentar.

270 2918 427 2983 qu.
458 2916 732 2982 largitione
762 2914 987 2978 librum,
1032 2915 1089 2964 in
1114 2932 1222 2982 quo
1247 2911 1498 2982 Lipfiana
1523 2915 1917 2977 examinantur:
1952 2911 2077 2979 qui-

272 2991 368 3049 bus
403 2988 565 3040 addas
600 2986 718 3037 licet
752 2986 965 3038 collecta
1004 2987 1266 3048 Hortensii
1303 2987 1361 3035 in
1396 2985 1476 3039 ed..
1502 2982 1768 3039 Ciceronis
1794 2984 2077 3038 Olivetana

271 3083 321 3134 p.
349 3063 471 3129 431.
498 3059 570 3127 sq.
643 3058 756 3124 Eae
784 3070 965 3109 autem
994 3057 1094 3110 hae
1117 3056 1260 3110 sunt:
1584 3078 1587 3083 ⁴
1956 3070 1959 3073 “

257 3129 260 3137 “
447 3126 977 3184 SEMPRONIA
1018 3133 1077 3182 C.
1114 3135 1330 3190 Gracchi
1353 3126 1498 3183 Trib.
1520 3128 1637 3198 fpl„
1684 3145 1790 3196 qua
1814 3123 2075 3177 sancitum

273 3205 368 3271 est,
402 3217 457 3256 ut
478 3200 630 3273 inopi
664 3202 804 3272 plebi
831 3201 1014 3269 {iuguli
1040 3202 1210 3254 modii
1239 3202 1588 3254 venderentur
1617 3220 1648 3253 a
1673 3200 1873 3252 Senatu
1908 3196 2077 3247 trien·-

271 3291 320 3330 te
344 3296 468 3329 cum
495 3273 719 3340 semisse,
757 3274 912 3341 idque
937 3274 1282 3337 frumentum,
1317 3273 1459 3342 plebi
1486 3273 1850 3334 dividendum,
1888 3287 1949 3321 ex
1979 3283 2079 3319 ae·-

271 3352 414 3402 rario
446 3360 723 3404 emeretur.
799 3345 929 3413 Ejus
967 3344 1118 3418 saepe
1155 3347 1485 3402 mentionem
1521 3346 1648 3401 facit
1684 3342 1904 3407 Cicer0‚
1948 3357 1995 3392 v.
2037 3357 2081 3391 c.

1981 3428 2078 3480 pro
