2144 3600
195 143 295 185 mt
733 82 1465 188 ,ΡΚΑΕΡΑΤῙΟι

192 276 372 351 gloria
397 267 646 338 Graevii,
679 269 885 325 summi
901 272 1175 341 -hominiS,
1214 276 1355 337 etin
1380 277 1486 332 hoc
1499 279 2006 356 literarumgenere

191 367 342 420 inter
386 356 670 434 principes
706 357 1074 426 numerandi,
1108 359 1431 417 ‘detractum
1458 367 1765 437 quicquam
1798 372 2003 436 velim3

187 449 282 507 [ed
308 466 373 500 eo
399 442 615 517 potine,
651 451 716 496 ut
750 443 937 516 primo
965 444 1100 500 fiant
1122 446 1286 518 hujus
1309 449 1530 505 criticae
1554 452 1873 527 disciplinae
1889 457 2004 509 stu-

190 535 326 590 diost
362 531 423 585 in
457 529 816 598 sollicitandis
843 540 1098 584 veterum
1126 545 1420 589 auctorum
1445 537 1580 591 locis
1604 541 1904 611 cautiora,
1946 552 2002 596 et

182 625 248 680 in
278 614 522 690 legendis
549 616 676 689 ipfis
712 617 1027 671 auctoribus
1058 618 1464 691 diligentioreS,
1496 634 1664 695 atque
1689 627 1765 680 ita
1789 627 2001 682 intelli-

180 715 344 781 gant,
384 711 619 774 quantae
655 701 970 774 diligentiae
1007 706 1069 757 fit
1102 706 1240 760 haec
1264 708 1454 763 critica
1477 727 1566 764 ars
1581 755 1597 780 ,
1638 722 1692 766 et
1717 731 1886 784 quam
1909 724 2021 768 te-'

179 812 335 851 mere
360 788 588 854 faciant,
622 788 736 859 qui,
775 799 838 842 ut
864 789 1074 860 aliquid
1099 809 1447 864 concoquere
1470 816 1587 850 non
1620 802 1862 870 potsunt,
1899 809 1995 853 aut

177 899 298 937 non
332 875 463 931 satis
497 873 590 928 vel
610 873 898 944 analogiae
917 877 1289 949 respondem,
1325 881 1417 934 vel
1441 881 1739 936 dialecticis
1766 903 1996 957 praece-

168 960 479 1043 ptiunculis
521 958 635 1019 suis
668 959 1010 1026 conveniens
1048 970 1279 1033 putant,
1317 964 1395 1019 ita
1432 976 1650 1020 mutare
1687 967 1993 1024 sustinent:

174 1070 316 1125 quae
352 1044 637 1101 temeritas
673 1047 771 1111 est,
816 1063 944 1098 cum
984 1064 1018 1099 a
1052 1046 1278 1115 multis,
1314 1058 1436 1104 tum
1461 1070 1494 1113 a
1522 1052 1639 1106 Cel.
1664 1053 1989 1121 Burmanno

111 1161 112 1165 ¹
169 1140 233 1193 in
257 1132 479 1211 primia,
518 1133 578 1185 in
598 1130 952 1203 praefatione
976 1150 1146 1186 aurea
1156 1132 1409 1188 Phaedri
1427 1137 1795 1207 reprehensa3
1831 1142 1991 1210 cujus
2009 1190 2020 1200 ,

170 1244 272 1296 ego
290 1204 656 1296 praefationis
672 1217 754 1270 uti
781 1215 1067 1290 tamquam
1092 1235 1354 1273 normam
1373 1220 1524 1277 mihi
1537 1221 1756 1298 semper
1770 1244 1988 1298 propo-

166 1313 326 1366 fitam
351 1303 551 1371 habui,
593 1302 662 1356 ad
687 1321 887 1373 quam,
928 1290 1193 1373 quicquid
1222 1307 1295 1358 est
1321 1307 1488 1376 hujus
1511 1306 1806 1377 facultatiS,
1844 1309 1987 1362 diri-

165 1400 375 1470 gerem,
413 1392 490 1445 ita
510 1390 808 1444 lectionem
832 1389 1093 1442 omnibus
1116 1389 1204 1442 his
1231 1390 1594 1448 vehementer
1619 1394 1984 1449 commenda-

163 1495 280 1539 tam
317 1483 422 1534 effe
454 1476 654 1549 cupi0,
695 1475 791 1546 qui
822 1475 884 1528 in
904 1475 1014 1528 hoc
1036 1477 1550 1546 generevelaborare
1581 1481 1824 1535 volunt..
1873 1480 1984 1534 Sed

163 1570 334 1624 etiam
361 1564 505 1618 hanc
532 1561 604 1615 ob
632 1563 854 1615 causam
870 1561 1012 1614 istud
1038 1561 1130 1615 hic
1153 1581 1554 1635 commemor0‚
1580 1577 1644 1621 ut
1670 1586 1736 1620 eo
1762 1565 1981 1621 facilius

161 1665 218 1711 et
242 1664 345 1709 nos
369 1647 596 1706 veniam
616 1657 978 1720 peccatorum
1002 1649 1313 1702 nostrorum
1330 1649 1739 1723 consequamur
1759 1653 1983 1708 adoctis

156 1738 516 1804 hominibuS,
565 1752 694 1788 cum
729 1733 1002 1802 cogitent,
1039 1752 1168 1788 eum
1206 1734 1374 1789 etiam
1398 1737 1676 1791 virumfin
1701 1739 1788 1796 his
1811 1739 1978 1792 rebus

153 1828 378 1902 lapsum
407 1825 511 1877 effe
531 1819 835 1887 interdum,
873 1820 971 1891 qui
993 1830 1355 1894 praeceptore
1379 1826 1510 1877 usus
1538 1826 1602 1879 fit
1623 1824 1674 1878 J.
1695 1826 1792 1879 Fr.
1821 1825 1979 1880 Gro-
2009 1871 2026 1883 ι

154 1914 350 1981 novin,
376 1919 430 1965 et
455 1911 698 1981 quocum
722 1926 812 1960 me
832 1926 938 1961 nec
958 1906 1183 1978 ingenio
1202 1907 1469 1978 audeam,
1488 1930 1591 1965 nec
1613 1920 1807 1980 aetate,
1835 1930 1978 1982 quae

150 2002 256 2058 vix
275 2001 630 2070 juventutem
658 1993 900 2062 excessit,
939 2012 1280 2064 comparare.
1355 1996 1618 2066 Ceterum
1643 1996 1794 2050 hunc
1813 1997 1976 2061 Indi-2

154 2075 277 2142 cem
301 2083 370 2138 ad
397 2078 840 2145 Ciceronianam,
864 2088 1029 2149 atque
1054 2079 1132 2134 ita
1151 2080 1423 2154 optimam
1447 2064 1735 2137 latinitatis
1760 2095 1815 2139 et
1845 2103 1972 2138 ma·-

148 2175 317 2231 :xime
343 2165 698 2225 neceffariam
723 2175 943 2237 partem
960 2165 1400 2236 cognoscendam
1420 2169 1970 2240 percipiendamque,

148 2257 426 2314 tironibus
455 2253 550 2308 vel
572 2251 824 2306 maxime
849 2251 1183 2306 commendo
1200 2292 1216 2321 ,
1255 2262 1316 2317 ut
1343 2274 1474 2308 eum
1493 2274 1611 2308 non
1642 2257 1842 2325 solum,
1867 2257 1968 2310 ubi

147 2345 411 2407 haerent,
450 2339 768 2411 consulant,
801 2338 894 2392 sed
925 2338 1112 2407 etiam,
1149 2358 1280 2394 cum
1317 2341 1497 2394 otium
1525 2333 1687 2399 estsa'b
1713 2329 1965 2415 ipsorum

148 2440 447 2487 auctorum
485 2425 755 2493 lectione,
790 2425 852 2478 in
886 2442 996 2494 qua
1031 2425 1286 2478 sunthic
1312 2426 1532 2497 omnia,
1563 2426 1754 2500 ipsum
1777 2436 1965 2482 totum

146 2517 454 2592 perlegant,
479 2521 533 2564 et
557 2511 635 2567 ita
659 2521 945 2579 tamquam
969 2529 1083 2562 uno
1108 2520 1304 2565 tenore
1321 2504 1749 2567 Ciceronianam
1767 2513 1963 2568 latini-
2022 2500 2023 2503 Ἴ

142 2612 320 2658 tatem
352 2596 685 2673 percipiant.
757 2596 952 2668 Ipsum
988 2605 1176 2650 autem
1204 2598 1534 2652 Ciceronem
1559 2600 1597 2655 fi
1626 2609 1772 2653 recte
1792 2600 1962 2673 peni-

142 2691 346 2759 tusque
381 2686 716 2755 cognoscere
744 2682 950 2749 velint,
983 2683 1138 2752 cujus
1174 2683 1345 2738 totius
1378 2685 1774 2756 cpgnoscendi‚
1814 2703 1959 2755 quae

142 2775 238 2829 hic
254 2771 580 2836 traduntur,
620 2787 795 2856 parva
821 2777 1040 2822 tantum
1060 2789 1189 2842 pars
1210 2769 1483 2838 habenda,
1525 2770 1592 2823 iis
1608 2781 1808 2825 auctor
1835 2774 1952 2842 fim,

139 2871 207 2915 ut
229 2858 406 2933 Lipfii
440 2854 580 2910 illud
618 2841 909 2906 confilium
946 2857 1278 2925 sequantui,
1316 2856 1413 2925 qui
1430 2844 1765 2911 Ciceronem
1791 2858 1956 2912 bien·-

137 2947 303 3000 :nium
334 2943 530 2998 saltem
552 2943 642 2996 ita
676 2942 975 3013 legendum
1003 2944 1106 2995 effe
1143 2940 1358 2994 (licebat
1383 2952 1438 2996 et
1461 2943 1851 3014 relegendum,
1889 2954 1953 2999 ut

137 3031 364 3085 :nullum
405 3028 554 3083 diem
581 3028 649 3081 de
676 3027 932 3080 manibus
956 3036 1218 3099 ponatur.

312 3114 634 3170 Latinitatis
656 3114 904 3168 Indicem
924 3114 1228 3186 excipiunt,
1250 3123 1304 3167 et
1319 3113 1581 3168 ultimum
1597 3115 1784 3170 locum
1801 3117 1949 3171 obti-'

130 3213 288 3270 nent,
323 3201 540 3256 Graeca
556 3199 867 3254 Ciceronis:
896 3216 1136 3270 quorum
1151 3198 1402 3253 Indicam
1418 3199 1816 3255 Gronovianae
1827 3203 1892 3255 ed
1900 3204 1950 3258 i·-

51 3314 57 3320 ·
137 3289 290 3359 tionis
310 3282 363 3343 et
387 3287 742 3343 Graevianae
774 3285 1088 3356 'subjectum
1123 3286 1259 3340 dum
1293 3288 1552 3359 excutio,
1588 3288 1784 3342 mirari
1818 3289 1946 3341 satis

1828 3394 1943 3431 non
