2124 3640
231 154 339 208 318

236 305 402 351 fitella:
457 321 579 365 quae
616 302 826 350 varietas
866 308 1008 349 ctiam
1037 306 1100 366 est:

215 373 314 420 'ap.
343 364 442 406 Ltu.
468 363 632 407 XXV.
648 366 690 410 3.
723 366 804 407 ubi
824 366 914 407 vid.
936 365 1097 417 Sigon.

234 430 280 465 et
301 421 505 465 Gronov.

295 532 743 580 CISTOPHORUS.
777 533 910 577 Dom.
925 537 997 579 ΞΟ.
1031 533 1099 578 Ut

233 592 281 635 in
305 589 404 635 Afia
429 591 736 650 cistophorum
750 592 968 648 ssagiiaret.
1003 594 1094 633 Ait.

232 650 312 693 XI.
336 653 376 693 l.
404 649 454 692 in
484 648 737 708 cistophoro
769 649 906 690 habeo
932 647 985 691 ad
1006 648 1096 690 HS.

233 708 304 751 bis
338 715 381 749 et
413 707 555 750 vicies.
613 707 734 760 Ejus
753 721 900 761 porro
924 707 1099 748 mentio

232 766 325 809 Att.
349 764 407 809 II.
433 767 478 809 6.
506 765 575 808 16.
646 761 727 820 Est
773 771 931 804 autem
966 765 1099 805 Cito-

232 825 417 878 phorus
441 836 617 864 numus
637 835 834 873 graecus
864 822 1098 876 asiaticus,

234 881 319 936 qui
350 893 520 922 nomen
554 880 692 920 habet
711 894 743 918 a
767 876 876 935 cista
897 877 1096 936 mystica,

230 952 352 993 quae
375 938 423 978 in
447 939 531 979 hoc
542 950 710 992 genere
723 950 975 978 numerum
990 946 1098 976 con-

215 994 431 1051 spicitur.
490 994 553 1035 In
593 995 750 1034 altera
789 994 930 1034 etiam
954 1000 1096 1047 parte

212 1051 462 1109 serpentes
478 1053 772 1105 plerumque,
802 1065 1000 1097 vannus,
1024 1066 1095 1091 ca-

227 1112 430 1157 duceus,
469 1106 681 1163 thyrsus,
710 1109 878 1156 taeda,
908 1107 1094 1163 ferula,

228 1174 310 1208 etc.
342 1163 701 1222 conspiciuntur.
740 1163 835 1206 His
857 1167 996 1206 rebus
1019 1179 1096 1206 ex-

221 1220 380 1281 preffa
410 1221 532 1279 sunt
561 1221 815 1275 Orgiorum
840 1220 1092 1278 solemnia,

228 1296 350 1338 quae
389 1279 614 1322 cudendis
663 1277 932 1336 cistophoris
969 1295 1092 1321 occa-

209 1340 402 1396 fionem
432 1333 600 1394 dedgffe
618 1338 860 1391 probabile
884 1334 958 1394 est.
1016 1337 1095 1379 Si-

222 1397 362 1451 gnati
384 1402 544 1436 autem
585 1401 629 1435 et
655 1393 790 1441 ante,
840 1410 984 1450 quam
996 1393 1096 1450 δΙὶιόΔ

226 1455 365 1511 Rom.
409 1449 687 1509 potestatem
736 1448 922 1509 vengffet
961 1453 1090 1508 Asta,

228 1519 274 1554 et
294 1526 399 1553 cum
419 1510 665 1565 provincia
675 1508 817 1565 facta
838 1506 952 1566 effet.
993 1511 1089 1551 lta-

228 1584 318 1627 que
344 1575 388 1610 et
406 1565 767 1624 magistratuum
779 1566 916 1608 Rom.
939 1568 1092 1608 nomi-

224 1643 293 1669 na
317 1626 459 1667 multi
471 1625 772 1680 praeferunt.
831 1622 1106 1683 NOUffml'a.

226 1698 344 1740 quos
386 1684 575 1739 quidem
603 1684 853 1731 habemus,
890 1682 1094 1723 Antonii

210 1748 211 1751 ’
224 1741 318 1786 III
317 1741 406 1784 viri
414 1753 584 1780 nomen
599 1741 831 1780 exhibent.
853 1739 961 1780 Vid.
973 1742 1088 1782 haec

194 1820 197 1827 ι
227 1806 283 1842 et·
301 1800 449 1851 plura
469 1799 527 1838 de
546 1798 632 1838 hoc
654 1810 824 1849 genere
847 1798 984 1837 numi
1003 1813 1082 1852 ap.

221 1858 364 1903 Alex.
400 1854 579 1897 Araver.
603 1853 856 1895 Panclium
889 1854 936 1894 in
956 1852 1084 1909 Disfi

222 1917 282 1957 de
297 1910 577 1971 Cistophoris
589 1909 809 1964 Lugdun.
825 1926 937 1951 ann.
955 1912 1081 1958 1734.

223 1972 352 2014 edita
366 1985 379 2011 .·
436 1970 520 2026 qui
568 1970 709 2009 etiam
761 1967 1000 2025 distinguit
1049 1984 1083 2009 a

188 2053 198 2066 s
221 2027 494 2088 cistophoris
531 2040 635 2074 eos,
682 2027 730 2066 in
769 2027 936 2080 quibus
971 2023 1083 2083 cista

222 2085 421 2144 mystica,
447 2098 543 2125 non
566 2090 725 2124 autem
741 2083 790 2123 in
804 2086 1085 2137 alterapar-

220 2153 266 2188 te
295 2143 481 2198 reliqua
508 2141 740 2182 Bacchica
772 2138 1083 2198 instrumenta

218 2201 537 2257 reperiuntur.
611 2197 751 2255 Quod
791 2201 858 2239 ad
893 2201 1084 2252 pondus

219 2260 409 2306 attinet,
446 2257 852 2298 tetradrachmum
868 2255 973 2310 fuit
998 2258 1084 2297 hoc

217 2316 357 2362 numi
388 2328 550 2367 genus.
608 2313 671 2354 In
712 2328 764 2355 eo
805 2327 911 2354 vero
952 2320 1086 2355 errat

222 2375 326 2419 Vir.
358 2372 470 2414 Rev.
504 2371 577 2412 uti
599 2371 707 2423 jam
730 2371 778 2426 in
803 2372 902 2412 Act.
928 2370 1081 2413 Erud.

218 2433 337 2481 Lat.
367 2446 412 2470 a.
450 2429 578 2473 1736.
617 2426 762 2484 mens.
802 2427 918 2468 Jan.
952 2444 1003 2483 p.
1031 2431 1080 2472 ,8.

219 2488 514 2533 monuimus,
563 2487 687 2540 quod
719 2492 886 2539 putat,
926 2503 1082 2530 κιστο-

220 2545 366 2604 φόρον
389 2547 448 2585 de
471 2542 628 2584 numis
650 2550 838 2583 tantum
858 2543 972 2590 dici,
991 2542 1082 2599 sed

218 2599 497 2658 κιστηφὸρον
526 2602 597 2640 vel
626 2598 894 2657 κιστιφόρον
918 2602 976 2640 de
1003 2602 1083 2641 ho-

217 2660 434 2703 minibus,
465 2655 621 2712 cistam
635 2655 745 2714 myst
752 2657 872 2697 icam
880 2664 1083 2710 portan-

134 2744 143 2747 ,
218 2718 355 2760 tibus.
396 2714 474 2756 Sic
494 2717 625 2768 apud
647 2712 1007 2771 Demosthenem
1021 2717 1082 2756 de

223 2775 410 2817 Corona
434 2787 533 2825 cap.
560 2772 631 2814 79.
657 2786 750 2824 pro
774 2774 966 2824 vulgata
979 2782 1079 2815 un·-

215 2829 412 2898 ecmpdpo'c
434 2829 483 2868 in
506 2828 608 2869 MS.
638 2829 748 2868 Cod.
763 2828 960 2870 Vindob.
987 2829 1084 2882 legi
1104 2870 1107 2878 ,

214 2900 491 2944 κιστιφορος.
564 2884 743 2946 Verum
778 2883 864 2942 est,
921 2903 1078 2929 κητο-

214 2945 354 3004 φὸρος
405 2941 545 2983 nihili
578 2938 688 2998 este,
749 2950 793 2982 et
825 2945 932 2996 jam
964 2944 1078 2984 vidit

216 2999 461 3046 Rubenius
491 3001 557 3039 ad
589 3014 719 3039 num.
747 3000 865 3053 Asta
883 2999 1077 3055 'recepta

208 3077 257 3117 p.
289 3060 390 3104 269.
440 3058 689 3109 legendum
739 3054 821 3112 effe
859 3057 1077 3114 κιστοφό..

212 3133 316 3173 ρος;
357 3128 552 3172 quocum
573 3114 694 3154 idem
718 3114 778 3171 ‘ss'
799 3113 1072 3170 κιστιφόρος.

211 3177 309 3218 Sed
329 3159 597 3227 morocpdpoc
621 3173 679 3211 de
689 3172 956 3212 hominibus
975 3185 1082 3224 non⁴⁴

210 3234 326 3281 dici,
354 3228 544 3286 falfiun
569 3226 669 3286 ‘ests
716 3227 879 3270 Primo
898 3229 973 3284 fic
1007 3227 1070 3285 est

206 3292 338 3345 apud
353 3288 579 3334 suidam,
609 3299 746 3341 quem
770 3287 858 3326 vid.
882 3287 931 3328 in
952 3287 999 3326 h.
1027 3300 1066 3326 v.

210 3351 277 3389 nd
314 3362 356 3402 q.
394 3348 423 3386 l.
462 3341 701 3399 Kusterus
724 3344 866 3384 etiam
897 3345 1068 3383 laudat

205 3405 365 3448 Photii
381 3402 588 3452 Lexicon
612 3400 850 3452 ineditum,
882 3408 927 3442 et
937 3401 1065 3445 Har-

940 151 1372 212 INDEX*

1165 313 1458 366 pocrationis
1526 313 1738 356 Codicem
1793 303 2038 356 Moretlia-

1170 383 1302 412 num.
1362 371 1549 413 Deinde
1571 373 1637 413 Cl.
1663 372 1837 414 Gorius
1858 373 1906 412 in
1930 372 2038 413 Cor·

1165 441 1282 482 pore
1306 427 1453 485 Infitr.
1475 428 1687 469 Donian.
1711 429 2036 481 exhibuz'tfitr-

1169 499 1298 526 mam
1340 484 1591 543 Cistophori
1621 486 1851 531 Bellonae
1878 485 2036 527 Pulvi-

1168 543 1320 598 venlis
1344 541 1637 598 sacerdotis:
1670 557 1831 598 *quam
1858 556 1957 584 *nos
1984 544 2034 584 in

1168 600 1299 641 Actis
1324 601 1476 642 Erud.
1503 602 1534 641 l.
1558 615 1594 642 c.
1620 594 1936 653 exhibendam
1957 615 2035 644 cu-

1169 657 1394 700 ravimus.
2103 667 2108 669 ’

1229 725 1470 771 CITARE.
1488 741 1785 770 commovere.
1801 724 1932 768 Ture.
1949 726 2034 771 III.

1172 786 1241 828 11.
1277 783 1401 848 {sque
1426 794 1573 827 motus
1598 794 1674 827 aut
1697 785 1804 826 boni
1829 793 1903 826 aut
1925 783 2029 825 mali
2087 796 2108 811 ἰ

1171 839 1380 898 opimone
1415 845 1593 884 citetur.
1650 843 1747 884 Sed
1778 842 2031 889 Bentleius

1167 901 1414 952 legendum
1431 905 1597 954 putat:
1619 899 1839 942 excitetur.
1872 898 2027 940 *Verr.

1168 954 1319 999 11.140.
1343 957 1489 999 citare
1510 958 1649 1005 reum,
1678 971 1776 998 non
1800 954 1874 1012 ‘st’
1905 957 2030 1010 quod

1166 1016 1299 1066 apud
1330 1028 1418 1056 nos
1456 1012 1633 1061 eitiren,
1678 1012 1723 1056 h.
1755 1029 1793 1054 e.
1836 1013 2027 1060 edicere,

1169 1077 1222 1111 ut
1251 1073 1316 1112 ad
1336 1078 1373 1112 ιι
1401 1071 1600 1126 aliquis,
1632 1078 1684 1111 ut
1705 1069 1767 1128 est
1793 1070 1839 1112 V
1837 1085 1928 1112 err.
1955 1069 2027 1110 II.

1167 1128 1239 1173 38.
1300 1130 1358 1170 ed
1394 1129 1601 1170 citantur
1626 1128 1703 1169 rei
1724 1143 1757 1168 a
1783 1125 2027 1175 Praetore,

1164 1199 1271 1226 voce
1295 1184 1567 1240 praeconis,
1599 1199 1705 1226 cum
1715 1185 1824 1238 jam
1836 1183 1955 1239 sunt
1977 1185 2028 1224 in

1156 1243 1366 1296 judicio:
1411 1243 1537 1284 Citat
1559 1239 1878 1296 accusatorem,
1913 1241 2026 1281 cita-

1164 1307 1242 1342 tus
1277 1297 1502 1342 accusator
1533 1298 1602 1341 M.
1632 1297 1852 1346 Pacilius,
1881 1297 2025 1339 nescio

1166 1372 1257 1422 quo
1293 1355 1418 1406 casu,
1455 1371 1550 1399 non
1578 1354 1827 1414 respondit,
1856 1370 1948 1396 non
1970 1353 2027 1396 af-

1163 1414 1263 1474 iujt.
1337 1413 1449 1472 Qm's·
1473 1415 1602 1456 locus
1639 1411 1702 1472 ⁶st
1735 1409 2023 1468 perspicuus,

1163 1479 1224 1520 et„
1241 1469 1388 1530 instar
1423 1472 1648 1513 omnium.
1706 1468 1806 1511 Nec
1840 1470 2028 1525 aliquid

1163 1530 1374 1585 efficiunt
1401 1543 1480 1576 ea,
1518 1543 1640 1585 quae
1666 1526 1946 1569 Menkenius
1972 1527 2022 1567 in

1162 1586 1266 1644 Obfi
1279 1612 1285 1629 ι
1300 1586 1355 1629 L.
1381 1586 1436 1628 L.
1461 1586 1510 1627 in
1533 1588 1580 1628 h.
1605 1601 1644 1628 v.
1663 1599 1755 1640 pro
1779 1584 2022 1625 contraria

1150 1644 1388 1701 sententia
1425 1644 1573 1686 dixit:
1618 1645 1684 1684 ad
1723 1655 1846 1696 quae
1879 1640 2022 1681 etium

1157 1701 1482 1757 respondimus
1526 1701 1576 1742 in
1614 1701 1719 1743 Act.¹
1756 1696 1909 1740 Erud.
1939 1713 2021 1739 an.

1159 1760 1285 1803 1746.
1346 1758 1369 1777 ⁴*
1389 1755 1516 1807 Verr.
1544 1756 1580 1799 Ῑ.
1603 1758 1644 1801 7.
1682 1755 1813 1798 citati
1839 1754 2037 1812 judices,-

1156 1816 1312 1858 eodem
1343 1813 1476 1858 modo
1502 1812 1786 1873 intelligendi.
2031 1825 2034 1827 ·

1218 1885 1499 1930 CITATIM.
1535 1885 1628 1928 Att.
1652 1882 1777 1926 XIV.
1799 1885 1872 1929 20.
1905 1883 2021 1925 citass

1156 1943 1242 1987 tim
1269 1934 1471 1986 scribere.

1213 2011 1672 2059 CITHAROEDUS.
1715 2010 1838 2054 Mur.
1865 2013 1934 2058 13.
1971 2019 2022 2054 ut

1155 2072 1279 2129 ajunt
1321 2071 1368 2114 in
1409 2069 1591 2113 Graecis
1630 2068 1897 2119 artificibus,
1945 2086 2020 2111 eos

1160 2127 1369 2172 auloedos
1396 2127 1506 2177 esse,
1539 2126 1618 2185 qui
1644 2128 1906 2170 citharoedi
1922 2127 2018 2169 fieri
2086 2150 2089 2158 ·

1155 2203 1248 2230 non
1282 2185 1520 2244 potuerint.
1559 2193 1640 2228 ete.
1702 2183 2020 2230 Citharoedum

1155 2261 1190 2286 a
1218 2241 1459 2292 citharista,
1503 2243 1588 2299 qui
1610 2240 1675 2302 est
1703 2241 1832 2284 Verr.
1871 2241 1907 2283 I.
1941 2243 2016 2286 20.

1156 2310 1235 2345 etc.
1263 2300 1655 2360 ita‘distinguunt,
1685 2307 1735 2341 ut
1750 2300 1921 2355 illesic„
1936 2299 2031 2355 qui

1154 2361 1388 2402 citharam
1417 2356 1570 2414 pulset
1610 2373 1714 2401 cum
1745 2364 1889 2398 cantu
1907 2355 2031 2412 Juo.'

1154 2415 1227 2459 h‘ic
1240 2448 1251 2466 ,
1281 2417 1491 2473 quisine
1513 2422 1679 2462 cantu,
1722 2415 1848 2470 quod
1871 2416 2016 2454 etiam.

1152 2475 1303 2516 tradit
1333 2473 1502 2530 diserte
1545 2472 1686 2525 Diog.
1719 2471 1878 2512 Laert.
1913 2470 2016 2517 111.

1148 2531 1326 2587 p.,239.
1358 2533 1428 2572 ed.
1451 2526 1646 2582 Casaub.
1686 2528 1783 2570 Sed
1803 2525 1916 2584 usus
1941 2542 2017 2575 re-
2083 2535 2096 2541 ’

1149 2589 1337 2645 pugnat
1374 2589 1447 2630 vel
1487 2588 1732 2629 Ciceronis.
1773 2586 2015 2639 Amphion

1153 2646 1429 2692 Thebanus,
1468 2659 1606 2686 nemo
1643 2643 1848 2691 dubitat,
1898 2643 2014 2698 quin

1150 2704 1360 2746 citharae
1380 2702 1544 2757 'modis
1565 2703 1918 2746 accommodare
1944 2715 2017 2742 vo-

1152 2775 1272 2810 cem,
1310 2766 1356 2800 et
1383 2774 1483 2800 una
1504 2773 1698 2805 canere,
1733 2758 1802 2798 ita
1833 2765 1884 2799 ut
1917 2755 2010 2799 Or-

1145 2820 1322 2873 pheus,
1345 2817 1565 2870 potuerit.
1623 2815 1705 2857 Ita
1726 2813 1787 2872 est
1808 2815 1856 2856 in
1865 2815 2010 2870 fabu-

1150 2876 1225 2917 lis.
1284 2873 1380 2916 Sed
1401 2876 1525 2916 hunc
1546 2881 1706 2915 tamen
1730 2872 1888 2923 Cicero
1901 2870 2007 2918 Div.
2053 2901 2057 2905 .
2096 2858 2099 2865 ’

1147 2930 1209 2974 II.
1251 2931 1321 2975 65.
1382 2929 1480 2973 init.
1539 2929 1818 2975 Citharistam
1861 2936 2006 2971 vocat.

1148 2985 1252 3030 Non
1282 2996 1487 3044 potueras
1524 2988 1660 3046 igitur
1678 2986 1765 3030 hoc
1787 2986 1840 3034 ab
1863 2986 2005 3035 initio5

1149 3044 1422 3103 Citharista,
1465 3045 1619 3088 dicere.
1670 3041 1742 3093 [Et
1761 3044 1836 3102 stc
1861 3043 2031 3091 eliani

1146 3106 1278 3157 apud
1319 3105 1441 3145 alios
1484 3111 1720 3147 auctores.
1742 3102 1918 3143 latinos
1961 3107 2034 3153 et¹

1141 3174 1335 3212 graecos
1387 3162 1583 3203 memini
1619 3175 1695 3202 me
1743 3158 2000 3215 observare.

1139 3217 1278 3314 ‘giem
1303 3217 1449 3273 visum
1473 3214 1689 3270 Torrent.
1717 3220 1784 3259 ad
1808 3215 1999 3258 Sueton.

1191 3276 1315 3316 omit.
1345 3277 1386 3319 4.

1198 3345 1361 3389 csso,
1386 3346 1648 3404 prosumo.
1658 3312 1794 3386 Bm.
1807 3344 1878 3386 76.
1892 3341 2003 3385 Tor-

1138 3411 1328 3461 quatum
1377 3420 1471 3448 non
1495 3437 1498 3440 -
1519 3412 1613 3446 tam
1654 3400 1742 3449 cito
1781 3399 2002 3444 rhetorem
2032 3417 2036 3421 ·
2089 3414 2094 3416 ·

1947 3456 1994 3499 di
