2124 3640
213 158 324 213 604

272 309 533 356 SOLUTE.
569 313 733 365 libere,
765 313 865 380 [αφ
880 310 1075 373 sponte.
1102 358 1105 360 .

216 370 321 414 Div.
345 369 402 411 II.
439 370 510 414 48.
551 370 715 427 solute
747 381 949 416 movetur
986 373 1075 415 ani·

214 443 346 470 mus:
385 429 445 469 de
475 429 838 479 dormientibus,
875 444 1079 486 quorum

216 486 412 527 animus
440 498 538 526 non
552 484 791 541 sensibus,
808 486 899 544 sed
911 486 1011 543 sua
1033 486 1083 529 vi

213 548 453 590 movetur,
497 544 622 584 unde
640 541 848 599 sbmnia.
893 545 915 564 ⁴*
916 544 1084 600 facile,

213 599 492 642 volubiliter.
525 598 752 652 Brut.29.
778 598 856 642 nifi
877 600 922 643 id
947 616 1083 658 queas

201 655 362 714 solute
395 663 437 696 et
457 654 644 698 suaviter
665 655 825 700 dicere.
869 658 980 700 ibid.
1004 660 1076 702 48.

216 711 343 756 facile
367 707 614 769 soluteque
630 715 770 756 verbis
795 713 967 757 volvere
989 714 1080 758 Ien-

213 771 385 814 tentias.
425 767 635 827 *remgffe
651 803 664 822 ‚
690 774 750 813 de
773 773 956 814 actione
975 783 1080 814 ora·

214 829 355 871 toria.
399 827 524 869 Brut.
550 831 620 872 80.
658 828 780 887 quod
805 827 881 870 ille
904 829 1083 889 tamso·

206 889 309 930 lule
341 882 504 942 egiss'et,
538 892 632 927 >tam
657 885 907 929 oscitanter.

271 939 559 985 SOLUTIO.
618 940 714 984 Off.
730 942 790 985 II.
813 944 886 989 23.
902 940 1082 1000 solutio

211 1014 365 1043 rerum
397 997 677 1040 creditarum.
746 999 839 1042 Att.
871 999 972 1042 XII.
1008 1003 1080 1045 50.

197 1052 377 1116 solutio
397 1054 592 1097 nominis
607 1053 844 1098 Valeriani.
903 1057 1018 1099 ‘On
1043 1057 1079 1099 I.

213 1118 288 1160 25.
304 1111 481 1171 solutio
516 1111 715 1168 linguae,
766 1116 841 1160 cle„
842 1112 1082 1169 facilitate

213 1179 259 1214 et
292 1170 578 1211 volubilitate
601 1170 651 1210 in
672 1169 884 1212 dicendo.

272 1225 574 1269 SOLUTUS.
603 1226 731 1273 liber,
759 1228 1080 1281 cutincegrum

211 1283 479 1341 estfacere,
517 1285 644 1339 quod
669 1285 790 1325 velit.
832 1284 888 1325 ad
912 1285 1014 1328 Div.
1039 1284 1076 1327 Ι.

210 1344 257 1387 9.
310 1340 459 1384 omnia
499 1338 610 1380 mihi
646 1338 922 1399 solutffl‘ima
961 1341 1077 1384 sunt.

208 1398 341 1440 Verr.
368 1397 425 1440 ΙΙ.
442 1398 512 1441 78.
529 1393 683 1452 soluti
702 1398 755 1440 ad
769 1399 917 1442 causas
941 1398 1079 1441 venie-

208 1456 341 1500 bant:
401 1457 461 1497 de
490 1455 733 1507 patronis,
777 1459 862 1512 qui
894 1459 1081 1498 nullam

211 1513 474 1556 mercedem
494 1520 775 1566 acceperant
795 1516 857 1555 ab
871 1514 941 1563 iis,
974 1529 1081 1570 quo-

212 1572 338 1616 rum'·
364 1567 558 1625 causam
599 1578 900 1624 receperunt,
943 1579 994 1612 ut
1022 1572 1081 1613 iis

207 1643 307 1672 non
316 1626 387 1683 fit
408 1620 720 1682 necqffarium,
750 1630 966 1683 quamvis
979 1643 1084 1669 ma-

207 1684 380 1743 nifesta
392 1683 576 1741 fielera
597 1684 863 1740 defendere.
893 1684 993 1727 Mil.
1009 1687 1080 1731 13.

194 1742 364 1802 soluta
390 1739 629 1800 praetura.
669 1741 760 1783 Att.
787 1741 846 1783 11.
871 1743 940 1785 18.
976 1758 1081 1784 cum

138 1818 140 1825 ·
212 1799 356 1842 videas
403 1797 672 1841 volun'tatem
719 1797 904 1841 civitatis
948 1798 1084 1855 solu-

211 1865 338 1905 tam,
387 1855 594 1896 virtutem
637 1852 872 1912 alligatam.
932 1855 953 1873 *
971 1857 1078 1914 Agr.

209 1915 296 1959 ΙΙΙ.
320 1914 363 1957 2.
380 1909 547 1978 soluta
601 1911 757 1960 media,
780 1921 1085 1968 opponuntur

210 1970 431 2029 obligatis.
497 1967 568 2010 *P
588 1984 684 2011 anc.
710 1970 780 2013 30.
809 1968 979 2011 solutus
1006 1985 1083 2024 op·

205 2029 408 2086 ponitur
438 2026 485 2068 ei
492 2057 504 2074 ,
548 2026 631 2082 qui
669 2027 816 2069 nullis
847 2028 1082 2083 beneficio-

210 2101 324 2131 rum
345 2084 542 2127 vinculis
563 2080 801 2140 obstrictus
825 2082 900 2141 est.
959 2086 979 2104 ¹
993 2084 1078 2126 De-

211 2152 293 2259 Ξξὲ·
305 2139 586 2255 ..¹.·..{‘.'.¹.¹.¹2².3¹0⁵.
607 2142 1083 2257 0ῧῖἶῖῧὲζῖεέΖῖ

211 2272 342 2312 gens.
418 2253 547 2298 Catil.
583 2254 644 2298 II.
679 2258 747 2299 12.
791 2268 888 2298 mea
918 2254 1074 2298 lenitas

198 2316 410 2374 solutior
433 2311 520 2354 visa
542 2310 616 2354 est.
659 2312 858 2368 *facilus
891 2312 944 2355 ad
968 2312 1071 2355 Div.

218 2372 311 2414 VI.
333 2372 376 2414 7.
409 2368 625 2427 solutum
663 2378 849 2427 putatur
882 2370 1074 2412 alterum

210 2427 407 2472 laudare.
433 2480 435 2482 ,
464 2426 788 2476 ‘debilitatus‚
840 2428 920 2470 cui
943 2427 1081 2470 nervi

207 2485 384 2542 exsecti
389 2481 522 2541 sunt.
576 2485 681 2540 Agr.
706 2484 765 2526 II.
788 2486 858 2530 33.
885 2484 991 2527 urbs
1001 2484 1077 2542 fi)-

208 2547 328 2586 luta.
362 2542 456 2582 *de
482 2542 750 2587 hominibus
765 2542 967 2597 facetis,
994 2542 1080 2598 qui

209 2600 358 2643 libere
376 2600 535 2641 rident
552 2599 726 2640 omnia.
756 2601 891 2643 Dom.
913 2601 985 2644 39.
1016 2615 1042 2641 o
1061 2603 1072 2643 !

209 2655 499 2712 renissslquam
518 2653 673 2712 soluti
697 2654 897 2699 homines
931 2655 1075 2698 ridere

209 2729 303 2758 non
330 2711 547 2755 defluant!
595 2711 879 2769 '‘absolutus’.
908 2713 1006 2756 Mil.
1031 2715 1074 2758 4.

210 2770 373 2815 [celere
379 2769 582 2826 solutus.
612 2769 796 2813 *orator
818 2771 988 2813 solutus
1011 2769 1075 2830 est

209 2829 391 2886 primo,
423 2827 508 2882 qui
522 2826 722 2880 facilem
759 2835 805 2869 et
826 2831 1074 2871 volubilem

209 2883 429 2945 lingt'mm
449 2885 600 2926 habet.
645 2883 772 2926 Brut.
796 2884 867 2929 47.
883 2881 1075 2942 solutus
1101 2895 1105 2897 “

209 2938 555 3000 ἰηεκρίἰαειράἰε
575 2937 809 2983 sententiis.
851 2944 959 2984 ibid.
984 2958 1074 2984 ver-

207 2997 480 3055 bisso'lutu's
501 2995 615 3039 satis.
646 2998 753 3038 ibid.
767 3001 838 3043 48.
853 2996 1076 3057 solutissi-

206 3071 319 3100 mus
340 3055 389 3097 in
405 3052 604 3097 dicendo.
627 3055 807 3102 deinde,
835 3056 884 3097 in
896 3058 1078 3098 actione

210 3109 449 3168 remiffior.
479 3111 604 3153 Brut.
620 3113 690 3156 62.
722 3119 811 3155 tam
819 3112 1010 3168 solutus
1032 3121 1075 3154 et

209 3159 361 3213 mollis
398 3168 446 3211 in
477 3168 623 3225 gestu,
665 3176 745 3211 etc.
789 3170 1095 3225 tertiasqui

208 3229 354 3272 verba
389 3233 499 3279 apte
528 3227 778 3275 collocare,
818 3229 943 3283 quod
977 3230 1075 3268 vin-

206 3286 302 3328 cire
334 3285 522 3330 dicitur,
562 3282 715 3339 nescit.
773 3282 855 3326 Or.
882 3286 953 3328 52.
985 3299 1073 3325 ver-

208 3342 277 3384 bis
288 3340 462 3397 solutis
487 3355 698 3383 numeros
721 3340 899 3400 prunus
923 3339 1073 3397 adjun-

205 3398 279 3443 xit.
307 3397 365 3442 ef.
390 3398 517 3442 Brut.
541 3399 611 3444 79.
641 3405 723 3445 ete.

856 157 1298 216 ..INDEX

1202 290 1481 363 SONARE.
1540 317 1641 362 rin.
1681 316 1742 362 11.
1780 316 1850 365 15.
1893 318 2016 364 inani

1146 391 1252 448 joce
1265 375 1460 443 sonare.
1495 376 1654 443 'Ax-ch.
1672 379 1747 440 10.
1785 383 1909 420 extr.
1911 392 2015 476 FPO-

1149 432 2014 548 iiie{¹¹¹gi1‘idqffiffissinissssass‘ffi'1232·

1152 549 1281 591 Brut.
1302 507 1374 593 72.
1400 548 1610 606 sonabat
1642 507 1914 601 contrat-iniit
1936 522 2014 591 Ca:

1155 605 1276 655 tulo,
1317 603 1558 663 subagreste
1590 604 1823 662 quiddam,
1849 613 1930 648 etc.
1968 621 1970 625 ·

1207 662 1514 708 SON1V1US.
1542 665 1641 717 adj.
1671 661 1722 703 ad
1749 662 1850 704 Div.
1868 661 1948 703 Vi.
1968 663 2013 706 6.

1150 719 1341 778 tripudia
1358 717 1574 777 sonivia:
1600 718 1744 776 sunt,
1781 735 1887 762 cum
1907 719 2016 774 offa

1152 778 1324 820 excidit
1355 779 1504 832 pullis
1526 776 1847 841 pascentibus,
1886 783 1932 817 et
1961 777 2013 818 in
2083 815 2092 820 ,
2116 771 2124 780 ²

1153 843 1336 879 terram
1363 838 1537 878 cadens
1550 836 1729 892 sonum
1756 834 1895 889 facit.

1209 890 1537 935 SOPHISMA.
1591 889 1728 933 Aead.
1754 889 1833 932 IV.
1846 889 1920 934 24.
1936 888 2015 946 so·

1148 948 1409 1007 phismata,
1459 946 1519 991 fic
1562 947 1683 990 enim
1731 947 2014 1007 'appellantur

1150 1006 1327 1053 fallaces
1357 1001 1753 1048 conclusiunculae.
1815 1009 1820 1014 “

1208 1059 1553 1107 SOPHISTES.
1577 1059 1712 1104 Aead.
1725 1059 1817 1102 IV
1830 1061 1903 1105 23.
1932 1060 2017 1118 qui

1187 1123 1239 1163 C?

1134 1121 1187 1179 fi
1209 1173 1505 1220 SORBERE.
1534 1171 1588 1215 ad
1604 1172 1661 1228 Q.
1677 1171 1752 1216 Fr.
1767 1170 1848 1214 111.
1863 1173 1906 1216 9.
1937 1171 2015 1215 ista

1152 1233 1249 1278 odia
1282 1249 1381 1276 non
1409 1229 1761 1287 solumsorbw,
1790 1228 1859 1272 sed
1883 1227 2015 1273 etiam

1152 1286 1412 1348 concoquo.
1459 1286 1574 1330 Phil.
1600 1286 1679 1328 XI.
1705 1289 1745 1330 5.
1779 1285 1887 1345 quid
1909 1301 2015 1328 eum

1149 1365 1243 1392 non
1249 1348 1446 1407 sorbere
1466 1345 1646 1388 animo?
1677 1342 1783 1402 quid
1807 1359 1897 1385 non
1911 1342 2016 1386 hau-

1151 1407 1242 1449 rire
1275 1402 1570 1462 cogitatione?
1602 1400 1731 1457 cujus
1756 1399 2014 1458 sanguinem

1151 1479 1243 1508 non
1279 1463 1428 1505 bibere
1459 1458 1669 1504 censetis?

1210 1517 1465 1564 SORDES.
1508 1516 1746 1565 auaritia,

1152 1579 1320 1634 turpis.
1376 1575 1430 1618 ad
1461 1574 1518 1630 Q.
1553 1574 1630 1616 Fr.
1671 1572 1707 1615 I.
1745 1575 1784 1615 1.
1831 1572 1938 1614 nolo
1972 1578 2015 1613 te

1154 1634 1508 1698 uniuscujusque
1531 1631 1693 1685 sordes*
1706 1628 1901 1672 scrutari.
1932 1628 2016 1670 At-

1150 1691 1227 1736 'tic.
1243 1691 1321 1734 IV.
1341 1693 1408 1735 16.
1438 1681 1831 1746 judicum-sordes.
1864 1683 2012 1727 Flacc.

1154 1753 1197 1796 3.
1231 1748 1405 1791 nullam
1436 1746 1621 1798 lbrdem
1651 1745 1700 1787 in
1731 1758 1779 1784 re
1803 1741 2015 1785 familiari

1146 1805 1344 1865 *proferri
1366 1795 1501 1863 po‘ss'e.
1526 1803 1706 1846 Muren.
1721 1801 1790 1845 36.
1813 1797 2013 1860 populus
2049 1800 2053 1802 ’

1151 1879 1242 1906 non
1268 1871 1385 1905 amat
1410 1859 1611 1920 profusas
1635 1857 1811 1917 epulas,
1835 1855 2014 1914 sordes

1151 1928 1195 1963 et
1226 1918 1608 1963 'inhumanitatem
1658 1914 1802 1958 multo
1847 1913 2014 1955 minus.

1149 1979 1338 2020 *omnis
1370 1977 1615 2031 turpitudo
1638 1972 1793 2015 animi
1815 1977 1860 2012 et
1889 1973 2015 2013 vitae

1150 2043 1196 2078 et
1220 2034 1420 2089 generis.
1479 2031 1605 2074 Brut.
1632 2033 1714 2087 62.
1730 2027 1902 2086 sordes
1924 2027 2014 2069 for·

1150 2101 1283 2136 tunae
1303 2099 1346 2134 et
1369 2090 1494 2133 vitae.
1552 2088 1653 2131 Vat.
1683 2090 1722 2131 1.
1750 2085 1921 2142 sordes
1942 2084 2016 2126 do-

1149 2149 1366 2195 mesticae.
1388 2176 1391 2179 -
1440 2148 1547 2190 ibid.
1584 2147 1627 2191 5.
1687 2140 2013 2187 adolescentiae.

1147 2202 1248 2250 Sen.
1278 2223 1324 2266 p.
1347 2205 1403 2248 R.
1425 2203 1470 2249 4.
1499 2219 1624 2247 mens
1654 2200 1831 2260 oppleta
1852 2198 2015 2258 sordi-

1146 2266 1247 2307 bus.
1277 2263 1330 2307 ad
1353 2260 1594 2306 Div.V11[.
1620 2261 1687 2304 14.
1718 2258 1827 2300 dum
1839 2258 2012 2315 sordes

1147 2320 1295 2364 eluere
1318 2319 1424 2363 vult.
1454 2319 1536 2360 *de
1558 2318 1726 2374 infima
1740 2317 1890 2372 plebe.
1916 2315 2010 2358 Att.

1145 2378 1264 2424 Ι.16.
1292 2377 1412 2437 apud
1424 2376 1619 2434 sordem
1634 2373 1759 2416 urbis
1785 2382 1827 2415 et
1851 2372 2009 2416 fecem.

1147 2435 1329 2479 *sordeo
1357 2435 1478 2492 sunt
1504 2434 1647 2476 etiam
1675 2433 1726 2473 in
1756 2432 1895 2472 luctu.
1952 2427 2010 2471 ad

1145 2492 1248 2547 Div.
1274 2492 1396 2536 XIV.
1419 2495 1464 2538 2.
1492 2491 1634 2550 jacere
1661 2488 1710 2532 in
1738 2486 1934 2531 lacrimis
1964 2492 2010 2529 et

1131 2547 1373 2610 sordib'us.

1204 2604 1618 2652 SORDIDATUS.
1647 2601 1891 2660 sordidus.
1922 2599 2007 2647 Pis.

1144 2668 1218 2712 27.
1238 2663 1485 2723 sordidati
1501 2661 1612 2707 servi
1635 2658 1895 2703 ministrant.
1922 2662 2010 2710 *de

1145 2739 1240 2768 reo.
1297 2721 1382 2764 Pis.
1413 2720 1483 2767 41.
1521 2735 1606 2763 nec
1634 2718 1785 2761 minus
1820 2717 2011 2760 libenter

1145 2783 1414 2824 metuentem
1452 2776 1635 2826 videbo,
1677 2790 1734 2818 ne
1771 2790 1875 2818 reus
1914 2774 2007 2826 fias,

1146 2853 1283 2896 quam
1309 2850 1461 2879 reumz
1501 2850 1585 2878 nec
1615 2833 1767 2876 minus
1799 2831 2006 2881 laetabor,

1146 2910 1252 2938 cum
1273 2901 1316 2936 te
1337 2892 1426 2935 sem
1461 2908 1508 2935 er
1532 2890 1780 2937 sordidum,
1812 2905 1949 2948 quam
1972 2889 2007 2933 fi

1144 2949 1721 3051 paggfffiffigmgmffi
1743 2946 1997 3059 ''gaer-.-

1519 3040 1529 3050 .
1606 3023 1650 3049 r.
1727 3036 1737 3046 .
1825 3037 1832 3045 .
1886 3020 1940 3047 or
1976 3018 2013 3049 ι,-»

1144 3065 1254 3106 dior
1277 3080 1372 3113 ars,
1401 3066 1572 3109 dicitur
1604 3067 1664 3107 de
1699 3062 2008 3120 artesellula-

1145 3123 1223 3166 ria
1244 3129 1289 3163 ec
1311 3123 1544 3165 illiberali.
1594 3123 1617 3141 *
1631 3122 1798 3177 turpis.
1824 3119 1878 3161 ad
1899 3118 2014 3163 Div..

1144 3177 1249 3220 XII.
1269 3182 1308 3221 1.
1340 3189 1389 3222 ut
1401 3179 1511 3222 mihi
1532 3179 1758 3223 videamur
1771 3193 1902 3219 omne
1917 3178 2010 3233 jamv

1146 3243 1323 3294 tempus
1358 3238 1410 3279 ab
1434 3237 1514 3280 illo
1535 3236 1739 3280 duntaxat
1751 3231 2007 3294 sordidiffi·

1144 3308 1222 3334 mo
1256 3294 1456 3350 periculo
1491 3295 1575 3337 tuti
1605 3294 1770 3336 futuri:
1790 3291 1858 3349 sc.
1880 3293 2006 3349 quod

1145 3365 1178 3390 a
1200 3349 1306 3404 fece
1345 3355 1516 3406 populi
1546 3354 1840 3398 imminebat,
1883 3364 2006 3406 quae

1143 3410 1211 3451 ad
1246 3407 1427 3468 beffium
1451 3411 1669 3471 Caesaris
1697 3409 2012 3464 congregaba-

1918 3471 2012 3508 tur.

1799 1512 2020 1572 quaestus
