2144 3600
198 157 312 197 XIV

688 585 1604 691 PRAEFATIO«

462 744 1753 845 ED1T10N1ss'EcUNDAE.

194 860 421 968 Onam
446 930 550 965 nos
578 911 691 964 aufi
721 912 905 964 sumus
923 911 1079 985 spem
1110 915 1405 990 concipere
1429 927 1568 988 tum,
1608 921 1734 974 cum
1759 908 2012 996 primum

189 976 336 1056 lubio
364 999 597 1052 Clavem
623 997 1063 1053 Ciceronianam
1075 997 1394 1074 edebamus,
1432 1005 1576 1075 fore,
1612 1018 1677 1061 ut
1701 1028 1875 1081 opera
1897 1032 2011 1064 110-

191 1091 297 1143 stia
333 1103 516 1156 neque
554 1082 728 1136 doctis
767 1084 1091 1139 hominibus
1127 1087 1573 1162 improbaretur,
1624 1113 1742 1147 nec
1762 1098 2009 1151 studiosis

188 1175 319 1229 liter
322 1189 482 1226 arum
522 1170 825 1223 latinarum
852 1170 922 1223 ad
953 1169 1237 1228 Ciceronis
1256 1174 1371 1228 lib1
1374 1195 1433 1228 os
1456 1177 1874 1250 intelligendos,
1910 1172 2011 1238 Ci-
2038 1171 2046 1188 ¹

190 1259 662 1329 ceronianamque
646 1255 1010 1310 ,latinitatem
1024 1269 1278 1316 accurate
1295 1263 1755 1334 cognoscendam,
1792 1268 2010 1324 inutilis

187 1347 563 1423 reperiretur3
604 1359 666 1394 ea
692 1339 830 1393 adeo
855 1360 973 1396 non
994 1342 1245 1413 fefellit,
1248 1358 1448 1407 utnon
1473 1351 1645 1405 modo
1662 1354 1775 1405 non
1803 1357 2009 1426 poeni-

185 1434 360 1490 tuerit
384 1445 488 1485 nos
516 1428 742 1508 laboriS,
782 1445 969 1498 quem,
995 1429 1140 1482 haud
1158 1449 1363 1503 parurn
1387 1437 1697 1506 molestum,
1730 1439 2010 1496 sumsera-

184 1540 330 1588 muS,
357 1517 452 1572 sed
478 1515 648 1571 etiam
668 1513 918 1568 fructum
934 1516 1051 1585 ejus
1066 1517 1477 1591 satismagnum
1502 1522 1834 1596 ceperimus·
1875 1527 2008 1598 Quo

182 1604 457 1664 libentius
487 1601 595 1655 ho'c
623 1599 860 1654 fecimus
876 1640 893 1668 ,
932 1610 1026 1669 ut,
1062 1621 1192 1657 cum
1220 1605 1395 1660 altera
1421 1607 1592 1662 editio
1619 1609 1750 1665 libri
1775 1631 2009 1685 parare-

181 1706 308 1777 tur,
348 1708 479 1745 eum
518 1688 813 1759 diligenter
848 1694 1034 1742 totum
1071 1693 1621 1763 recognoscet-emm,
1662 1697 1718 1749 ei
1740 1698 2007 1752 emenda·-

179 1781 388 1835 tiorem
424 1775 961 1848 locupletioremque
996 1775 1378 1831 redderemus,
1445 1779 1511 1832 Id
1537 1781 1681 1835 locis
1698 1780 2009 1855 propemo-

180 1869 320 1925 dum
351 1860 854 1917 innumerabilibus
890 1847 1101 1914 factum
1127 1865 1262 1930 esse,
1301 1878 1436 1918 vere
1459 1866 1620 1920 nobis
1647 1867 1776 1920 licet
1793 1868 2004 1928 dicere.

177 1956 258 2010 Et
281 1950 566 2021 indigebat
579 1946 888 2000 Historicus
903 1947 1153 2002 maxime
1168 1949 1350 2004 Index
1370 1951 1613 2027 plurima
1631 1954 1721 2007 vel
1735 1955 2006 2012 emenda-

177 2040 352 2106 tione,
388 2035 483 2089 vel
505 2033 829 2087 accessione.
869 2033 1024 2087 Nam
1041 2044 1095 2088 et
1118 2036 1303 2108 majo'r
1325 2038 1504 2092 multo
1528 2039 1695 2110 quam
1710 2039 1771 2092 in
1788 2042 2002 2114 ceteris,

180 2123 487 2178 difficultas
503 2129 643 2187 erat,
683 2119 744 2172 in
770 2117 1087 2191 digerendis
1113 2123 1396 2195 maxime,
1436 2134 1508 2178 et
1513 2144 1650 2180 vero
1674 2126 1843 2203 etiarn
1865 2129 2002 2182 illu-

102 2258 103 2261 ,
179 2208 253 2266 sti
255 2208 414 2264 andis
437 2205 693 2283 personis
718 2205 1122 2276 CiceronianiS,
1158 2208 1325 2282 quam
1346 2211 1406 2264 in
1429 2211 1722 2279 latinitate,
1761 2194 1854 2266 vel
1875 2215 2002 2268 col-

174 2293 418 2370 ligenda,
452 2285 543 2348 vel
565 2291 913 2366 explicanda,
942 2301 998 2347 et
1020 2293 1090 2347 ad
1111 2314 1241 2349 eum
1257 2295 1669 2351 conficiendum
1690 2298 1854 2370 longe
1866 2300 2001 2354 bre-

169 2386 330 2452 vius,
370 2388 700 2453 quaffi'pro'
723 2377 1201 2450 difficultate-rei,
1238 2380 1510 2457 temporis
1529 2383 1775 2457 spatium
1801 2385 2000 2441 datum·

172 2471 381 2527 fuerat.·
447 2468 744 2538 Itaqueaab
769 2465 868 2518 illo
890 2466 1071 2520 statim
1094 2462 1372 2542 tempore,
1406 2486 1518 2539 quo
1544 2469 1795 2543 primum
1822 2492 1851 2523 e
1868 2479 2001 2527 nia-⁴·

81 2610 84 2615 .
173 2560 341 2616 nibus
377 2544 630 2609 dimissus
665 2545 742 2604 est
777 2550 950 2622 liber,
987 2552 1314 2626 coepimus,
1361 2561 1416 2607 et
1448 2554 1511 2608 in
1544 2555 1685 2627 ip'fis'
1711 2557 1997 2614 Ciceronis

173 2637 332 2702 libris
367 2638 618 2713 legendis
646 2636 1221 2710 interpretandisque,
1262 2648 1318 2693 et
1351 2640 1415 2694 in
1438 2641 1636 2695 ceteris
1661 2635 2020 2699 lectionibus

173 2730 373 2788 nostris
389 2767 405 2795 ,
450 2728 566 2780 five
593 2725 842 2779 Graecos
866 2723 1549 2783 historicostractaremus
1566 2768 1582 2796 ,
1618 2732 1733 2783 'five
1759 2730 1995 2796 La'tinos

172 2818 470 2892 scriptores
503 2827 896 2882 quoscunque,
933 2808 1174 2881 denique
1207 2810 1466 2871 virorum
1498 2814 1792 2882 doctorum
1817 2817 1995 2872 Com-

171 2899 493 2968 mentariiS,
533 2894 605 2952 a'i'l
641 2896 885 2967 aliquem
922 2893 1098 2949 talem
1126 2895 1493 2972 scriptorem,
1540 2912 1636 2956 aut
1661 2903 1893 2971 omnino
1920 2905 1991 2958 ad
2044 2919 2046 2922 ’

169 2993 360 3046 literas
383 2984 744 3042 humaniores
772 2982 1199 3054 pertinentibus,
1229 2987 1638 3056 cognoscendiS,
1665 3000 1990 3044 notaremus

172 3078 499 3151 diligenter,
541 3073 580 3124 fi
623 3068 757 3140 quid
795 3077 1144 3133 occurreret,
1192 3070 1342 3138 quod
1391 3072 1643 3144 prodesse
1687 3076 1989 3144 aliquando

173 3163 335 3216 Clavi
370 3161 585 3213 nostrae
601 3156 812 3227 “poffet.
883 3155 1009 3208 Has
1031 3174 1064 3208 a
1089 3155 1249 3208 nobis
1275 3175 1378 3229 per
1400 3160 1495 3211 tot'
1511 3178 1686 3213 annos
1712 3165 1992 3232 congestas

169 3248 358 3320 copias
387 3244 673 3319 coepimus
699 3252 953 3295 accurate
974 3240 1292 3312 recensere,
1330 3261 1459 3297 cum
1487 3245 1555 3298 ad
1581 3251 1991 3318 recognoscen-

170 3334 306 3387 dum
347 3351 488 3405 opus
522 3328 890 3401 vocabamur,
935 3336 1000 3381 ut
1040 3345 1131 3381 eas
1167 3327 1256 3383 vel
1297 3328 1367 3382 ad
1405 3331 1847 3403 emendandum,
1895 3336 1989 3389 vel

1771 3421 1988 3491 augen-
