2144 3600
455 105 1052 167 EDITIONIS
1119 103 1561 191 PRIMAE.
1851 117 1922 156 ix

14 291 23 305 ·
54 318 60 335 ¹
98 268 207 334 que
244 258 336 314 hic
356 255 545 335 §Index
577 255 648 312 ad
686 252 971 310 historiam
995 252 1321 308 Romanam
1346 260 1403 307 et
1425 260 1638 307 ceteros
1662 261 1918 306 auctores

18 415 19 418 Ἴ
97 342 447 401 illustrandos
476 340 726 416 prodeffe
761 343 951 415 poss'et.
1024 340 1092 394 In
1120 356 1232 412 quo
1268 337 1459 404 nobis,
1509 339 1548 390 fi
1585 335 1715 410 quid
1754 354 1916 390 erra-

47 492 49 496 ¹
96 437 220 484 tum
259 431 359 497 est,
398 437 493 482 aut
527 428 589 482 in
611 426 875 501 universo
897 426 1005 480 hoc
1031 442 1233 496 genere
1257 421 1470 494 aliquid
1493 432 1588 476 aut
1614 419 1917 494 perturba-

98 526 217 571 tum
232 523 327 571 aut
340 531 670 587 quacunque
685 511 900 567 ratione
914 521 1227 585 peccatum,
1266 507 1492 563 veniam
1518 507 1731 562 dabunt
1748 505 1916 602 aequi

95 620 288 656 rerum
321 592 524 655 harum
565 599 971 670 aestimatore⁸‚
1019 608 1115 652 aut
1154 595 1332 651 amice
1365 594 1703 662 monebunt,
1749 602 1811 646 ut
1850 592 1915 645 in

94 684 397 771 posterum,
433 706 563 743 cum
586 685 838 760 ipsorum
865 682 1124 751 monitis,
1166 691 1285 736 tum
1312 683 1494 736 nostra
1518 681 1914 736 tetractatione

70 783 72 787 ’
95 772 447 850 emendatior
458 771 562 828 hio
573 771 754 827 Index
780 782 835 826 et
862 769 1081 844 plenior
1106 767 1226 823 fieri
1251 770 1435 842 possit.
1475 768 1663 839 Quam
1688 768 1914 823 veniam

92 858 200 926 hq'c
222 852 598 917 confidentius
622 867 677 912 et
699 876 960 931 rogamus
988 865 1042 910 et
1066 858 1191 929 spei
1194 873 1352 910 amus
1380 854 1541 910 nobis
1567 874 1661 908 eos
1685 857 1788 909 effe
1806 855 1911 908 da-

20 1019 24 1029 Ι
91 940 278 1018 turos,
309 940 478 1036 quod·
497 953 556 1000 et
591 939 692 1001 sua
719 947 918 1021 sponte
941 935 1126 998 sciunt
1148 951 1205 996 et
1231 961 1303 997 ex
1327 941 1491 1016 ipfius
1515 942 1681 1016 hujus
1707 942 1912 997 Indicis

90 1031 351 1107 plurimis
386 1029 524 1087 locis
557 1030 795 1104 intelligi
830 1031 1039 1106 potest,
1094 1039 1362 1101 quantum
1389 1040 1445 1084 et
1471 1030 1685 1101 quoties
1708 1030 1767 1085 in
1800 1029 1909 1084 hoc

90 1136 294 1191 genere
306 1119 540 1193 propter
554 1117 940 1193 difficultatem
957 1108 1464 1189 obscuritatemque
1487 1136 1678 1171 rerum
1695 1138 1727 1172 a
1752 1120 1909 1172 sum·-

89 1202 198 1271 mis
231 1202 552 1259 hominibus
590 1206 650 1259 fit
685 1214 992 1279 peccatum.
1079 1201 1206 1277 Ipse
1244 1202 1473 1270 Cicero,
1531 1204 1621 1258 cui
1660 1203 1910 1261 familiae

87 1282 502 1360 Rom-melina,
527 1306 694 1360 quam
711 1282 891 1360 nobis,
930 1299 1191 1363 poterant
1216 1292 1322 1342 effe
1346 1289 1690 1345 etdebebant
1713 1294 1908 1364 cogui-

88 1384 195 1443 tae,
221 1384 423 1450 tamen
446 1376 626 1450 saepe,
664 1386 728 1431 ut
756 1397 827 1432 ex
855 1377 1093 1452 epistolis
1117 1373 1188 1430 ad
1214 1373 1473 1430 Atticum
1495 1379 1719 1448 constat,
1755 1380 1814 1434 in
1837 1382 1907 1436 iis

86 1458 274 1533 haefit,
313 1469 367 1516 et
395 1460 491 1516 fibi
514 1465 887 1518 necessitatem
914 1462 1054 1516 vidit
1076 1462 1407 1536 impolitam,
1447 1465 1655 1536 peritos
1683 1468 1800 1535 ejus
1824 1468 1909 1524 rei

85 1544 345 1619 homines
369 1544 711 1623 consulendi.
748 1547 997 1604 Nomina
1013 1546 1401 1603 Romanoium
1430 1550 1728 1607 hominum
1753 1556 1904 1628 apud

88 1611 418 1694 Ciceronem
453 1634 616 1708 saepe
649 1633 725 1691 ita
746 1644 1067 1710 ponuntur,
1105 1645 1169 1689 ut
1195 1654 1266 1688 ex
1290 1635 1416 1708 ipfis
1444 1636 1636 1706 rebus,
1679 1645 1907 1716 tempo-

86 1736 328 1799 iumque
339 1716 585 1777 ratione
615 1711 874 1791 demum,
914 1721 984 1775 de
1010 1741 1122 1793 quo
1146 1722 1416 1797 capienda
1444 1725 1576 1795 sint,
1616 1726 1903 1788 interdum

87 1792 407 1884 conjectura
443 1790 605 1862 valde
648 1809 882 1865 obscura
922 1808 1242 1879 etlubiica,
1285 1812 1343 1864 fit
1370 1809 1760 1889 divinandum.
1833 1820 1903 1875 In

28 1893 32 1946 Ϊ
87 1908 238 1963 quo,
255 1909 426 1991 quam
451 1891 629 1947 facilis
655 1895 913 1966 sstem-01,
952 1916 1121 1954 nemo
1150 1917 1266 1951 non
1292 1897 1462 1953 videt.
1511 1899 1706 1970 Itaque
1732 1905 1904 1961 etiam

86 1995 226 2060 noe,
236 1980 287 2034 si
308 1979 470 2069 cujus
495 1978 832 2055 inteipretie,
869 1993 965 2038 aut
991 1984 1065 2038 ali
1054 2002 1162 2054 as,
1202 2004 1295 2037 err
1299 2004 1361 2038 οι
1366 2004 1455 2038 em
1483 1983 1539 2039 in
1563 1986 1669 2042 hoc
1698 2009 1904 2062 genere

85 2060 679 2136 commemoiavimus,
728 2071 885 2125 nulla
921 2070 1218 2125 acerbitate
1255 2072 1561 2126 ver-hoium
1586 2076 1663 2128 ufi
1693 2080 1902 2136 sumuS.

85 2149 193 2203 Sed
229 2148 392 2205 nobis
426 2151 593 2225 etiam
631 2153 776 2210 hanc
814 2158 886 2229 pb
913 2160 1136 2211 causam
1167 2159 1334 2213 venia
1361 2159 1626 2227 debetur,
1666 2166 1856 2235 quod
1839 2187 1900 2223 ιιι

85 2254 176 2288 eas
200 2237 469 2321 temporis
480 2227 769 2311 ‘angustias
794 2243 1037 2298 concluh
1068 2263 1288 2299 eramus
1311 2246 1380 2299 ab
1406 2246 1673 2316 librario,
1713 2251 1904 2326 impa-

83 2316 252 2376 tiente
269 2340 479 2391 morae,
507 2345 634 2382 cum
656 2329 806 2384 hunc
830 2329 1079 2384 Iudicem
1103 2330 1348 2384 confice1
1353 2350 1528 2403 emus
1552 2344 1614 2388 ut
1632 2336 1732 2390 vix
1754 2340 1907 2393 rele-

82 2395 251 2478 gendi
272 2413 902 2490 etretractanditempus
929 2416 1357 2489 ielinqueretur.
1397 2418 1567 2490 Quod
1593 2424 1635 2474 fi
1659 2422 1905 2480 liberum

84 2494 247 2548 nobis
286 2497 550 2571 temporis
588 2501 829 2574 spatium
868 2502 1053 2559 fuiffet
1087 2508 1428 2572 conceffum,
1477 2507 1656 2561 multa
1679 2507 1903 2567 fortafl'e

89 2578 400 2636 accuratius
431 2584 836 2658 scripfiffemu3‚
875 2591 1053 2645 multa
1078 2602 1225 2647 certe
1251 2592 1493 2666 plenius,
1533 2593 1903 2668 pluribusque

88 2668 604 2737 observationibus,
644 2687 699 2730 et
737 2697 810 2732 ex
834 2698 894 2731 ei
900 2678 1086 2731 udit01
1090 2697 1188 2731 um
1222 2677 1517 2733 hominum
1541 2680 1703 2735 libris
1726 2685 1903 2739 colle-

84 2754 216 2823 ctis,
250 2763 304 2810 et
339 2756 535 2811 nostris
569 2759 849 2816 illustrata.
921 2764 1072 2818 Nam
1111 2763 1208 2817 etfi
1234 2765 1408 2818 multa
1432 2765 1543 2819 huc
1564 2770 1904 2840 pertinentia

86 2837 424 2895 habebamus
450 2833 636 2900 notata
651 2846 708 2902 in
724 2831 989 2904 lituraliis
1007 2850 1220 2917 nostriS,
1247 2860 1434 2905 tamen
1450 2855 1702 2911 nondum
1717 2878 1902 2930 neque

89 2919 253 2980 el'ant
271 2927 396 2980 satis
421 2935 657 3001 excuffa,
699 2936 851 2990 etita
868 2938 1017 3006 quasi
1045 2947 1282 3004 matula,
1317 2951 1379 2994 ut
1402 2940 1470 2993 iis
1494 2942 1576 2995 uti
1596 2942 1902 3016 poffemuS,

84 3015 502 3087 nequetempus
529 3021 853 3076 excutiendi
879 3025 1120 3082 liberum
1138 3021 1563 3082 concedebatur.
1604 3029 1902 3100 Quaedam

86 3097 255 3150 etiam
298 3097 393 3153 aut
438 3103 659 3190 omiffa,
720 3119 816 3162 aut
859 3131 949 3164 eri
952 3120 1069 3177 ata,
1129 3110 1266 3166 dum
1304 3113 1485 3169 obiter
1518 3117 1903 3187 ρειοιιιτίιιιιιε

85 3181 237 3236 hunc
262 3163 528 3258 indicem,
562 3193 666 3264 ipsi
688 3194 851 3249 obsei
855 3198 1131 3269 vavimuS,
1173 3217 1318 3286 quae
1338 3199 1401 3256 in
1428 3201 1717 3256 Addendis
1742 3222 1906 3257 com·-

84 3279 394 3333 memorata
418 3273 545 3332 sunt
573 3289 628 3333 et
651 3283 965 3368 emendata·

1071 3357 1078 3366 ’
1176 3376 1205 3406 ³*
1230 3372 1266 3428 5
1387 3352 1390 3361 '
1706 3378 1903 3432 Panno
