2144 3600
281 154 351 203 ss
988 118 1439 197 min-Ex⁴

466 296 813 355 PEDUCA
830 298 875 352 E
891 297 936 350 Α
974 308 1036 353 de
1060 307 1237 368 incestu
1253 339 1269 366 ,
1306 300 1372 353 de
1396 299 1691 367 NaLDeor.
1717 301 1809 358 ῙῙῙ.
1828 307 1910 367 30.
1926 344 1942 370 ‚
1976 304 2081 358 laia

278 398 311 430 a
343 377 499 427 Sex-to
516 372 943 426 Peducaeo'hib.
970 374 1038 442 pl.
1066 373 1129 427 A.
1157 375 1220 427 U.
1235 370 1452 428 DCXL.
1526 375 1678 428 Hanc
1701 376 1873 444 legem
1899 378 2082 430 frustra

278 448 439 500 audet
463 462 491 495 e
513 442 687 512 legum
713 463 935 496 numero
963 445 1484 514 eximereyBohierius
1507 448 1574 500 ad
1599 448 1631 503 l.
1657 467 1720 513 e.,
1757 467 1880 500 cum
1896 447 2079 502 Cicero

278 519 464 572 diserte
488 517 640 584 dicat,
679 526 993 586 rogationem
1019 525 1083 570 de
1105 523 1315 585 incestu:
1352 537 1487 588 quae
1509 520 1670 572 verba
1692 522 2083 591 interpretatio-

279 609 403 643 nem
437 589 558 640 'Viri
604 587 802 642 summi
846 589 1002 657 plane
1032 584 1323 659 respuunt*
1369 591 1515 645 Nam
1551 594 1687 644 actio
1725 593 1989 646 Peducaei
2022 596 2080 646 in

276 661 573 726 Metellum,
612 663 678 713 de
701 681 805 731 qua
829 661 968 713 hunc
991 663 1168 714 locum
1194 680 1255 714 ex
1281 660 1466 717 Ascon.
1493 667 1549 716 in
1573 664 1902 718 Milonianae
1927 686 1967 720 e.
1997 670 2080 721 12.

279 741 676 804 interpretatur,
717 753 823 786 non
844 734 959 788 ¹suit
983 736 1182 803 rogatio
1208 735 1275 796 d'e
1297 737 1514 802 incestu,
1536 734 1641 789 ‘sed
1663 741 1864 804 rogatio
1889 741 2081 808 potius,

279 823 363 873 ut,
401 808 656 876 quoniam
694 806 943 859 Metellus
976 808 1117 859 male
1150 809 1460 878 judicaffet‚=
1484 822 1632 861 extra
1654 810 1898 861 ordinem
1923 812 2082 880 judex

277 878 479 934 Cassius
513 880 915 932 constitueretur.
992 879 1181 949 Neque
1227 881 1358 934 haec
1400 884 1602 949 rogatio
1635 894 1850 934 tantum
1883 883 2082 935 indicat

278 954 670 1021 corruptionem
711 951 937 1004 humani
971 953 1200 1021 ingenii,
1236 958 1399 1022 quam
1425 955 1516 1006 illa
1538 955 1606 1006 de
1628 955 1848 1020 incestu,
1888 972 1950 1006 ex
1974 974 2083 1024 qua

273 1027 606 1092 intelligitur,
667 1027 829 1085 etiam
873 1028 1057 1093 poenis
1104 1022 1202 1077 effe
1246 1026 1491 1079 homines
1535 1046 1569 1080 a
1612 1028 1768 1080 tantis
1802 1025 2081 1080 sceleribus
2136 1072 2144 1092 J

270 1096 651 1156 absterrendos.
1808 1134 1810 1139 ·

446 1169 525 1225 M.
560 1169 600 1219 J
615 1167 736 1224 UN
749 1168 812 1220 ΙΙ
846 1169 887 1222 P
903 1169 950 1221 E
966 1168 1018 1221 N
1034 1168 1127 1222 NI
1150 1168 1297 1224 Trib.
1325 1170 1395 1241 pl.
1420 1171 1743 1241 temporibus
1768 1169 1826 1227 C.
1853 1169 2083 1226 Gracchi

274 1243 338 1299 A,
363 1242 437 1299 U.
459 1238 785 1294 DCXXVH.
802 1281 815 1305 ‚
852 1260 1010 1308 quarn
1035 1242 1154 1293 tulit
1178 1250 1241 1294 de
1265 1250 1549 1311 peregrinis
1577 1267 1643 1297 ex
1669 1254 1786 1297 urbe
1808 1252 2079 1311 ejiciendis.

272 1317 423 1369 Hanc
457 1314 631 1381 legem
665 1313 1014 1368 intermissam
1038 1314 1344 1366 instauravit
1366 1315 1579 1386 Papius,
1616 1335 1664 1369 v.
1690 1316 1773 1369 lex
1798 1322 1976 1384 Papia.
2015 1316 2081 1370 de

446 1455 842 1511 PHILIPPI
876 1459 958 1510 lex
995 1465 1232 1526 agraria,
1272 1457 1386 1511 Off.
1424 1457 1491 1513 ll.
1527 1462 1613 1512 21.
1684 1457 1776 1512 Est
1797 1458 1862 1513 L.
1885 1459 2080 1513 Marcii

271 1532 534 1602 Philippi,
581 1531 674 1599 qui
721 1531 894 1598 legem
942 1531 1105 1582 talem
1140 1530 1261 1583 tulit
1291 1533 1345 1582 in
1380 1531 1643 1584 tribunatu
1680 1530 1745 1585 A.
1780 1529 2078 1587 DCXLJX.
2138 1525 2143 1527 λ

248 1600 497 1671 ΙΙὶῐῃίἱεῐῐι
525 1600 885 1656 Gracchanae.
961 1602 1068 1655 Sed
1106 1622 1230 1656 cum
1256 1605 1301 1654 ei
1328 1604 1612 1668 resisterent
1636 1605 1948 1674 optimateS‚
1989 1605 2079 1658 sa-
2143 1645 2144 1667 3

271 1679 372 1733 cile
407 1678 547 1729 vinei
573 1674 624 1726 se
650 1688 699 1727 et
726 1677 992 1744 antiquari
1015 1675 1185 1744 legem
1208 1675 1382 1745 paffus
1405 1676 1488 1729 est.

445 1747 576 1801 PIS
592 1747 644 1800 Ο
659 1746 711 1800 Ν
729 1748 750 1798 l
766 1748 803 1800 S
843 1756 908 1814 de
932 1755 1235 1814 repetundis,
1265 1748 1369 1803 vid.
1391 1751 1668 1816 Calpurnia
1690 1748 1766 1801 de'
1779 1755 2080 1815 repetundis.
2116 1758 2138 1821 ⁸.

444 1819 839 1875 PLAUTIA
863 1819 944 1871 vel
970 1819 1070 1871 PL
1086 1819 1138 1872 Ο
1156 1819 1303 1872 ΤΙΛ
1335 1827 1569 1889 agraria,
1607 1821 1877 1874 tribunitia
1902 1823 2078 1873 incer-

271 1909 357 1949 tae
392 1896 604 1958 aetatis,
642 1891 730 1946 sed
768 1892 944 1964 paullo
978 1905 1098 1944 ante
1131 1891 1303 1944 Flavii
1331 1894 1660 1960 rogationem
1692 1893 1827 1959 lata,
1861 1912 1998 1964 quae
2026 1894 2075 1947 ei

269 1969 452 2032 similis
479 1967 591 2031 suit,
629 1979 840 2018 auctore
862 1962 1114 2017 Cicerone
1136 1965 1205 2016 a'd
1230 1964 1336 2018 Att.
1364 1966 1402 2019 Ι.
1436 1968 1517 2018 18.

444 2037 779 2093 PLOTIA
811 2044 1104 2104 judiciaria,
1154 2039 1302 2108 cujus
1336 2040 1538 2093 mentio
1574 2055 1671 2108 pro
1699 2041 1932 2091 Cornelio
1955 2045 2076 2104 maj.

269 2137 357 2167 reo
381 2115 423 2166 1.
458 2111 598 2164 Lata
621 2111 691 2163 est
717 2131 749 2164 a
771 2117 852 2164 M.
878 2116 1079 2163 Plautio
1110 2113 1328 2178 Silvano,
1367 2109 1627 2175 Strabone
1651 2124 1701 2162 et
1723 2107 1922 2166 Catone
1942 2107 2075 2161 Cofl‘.

266 2186 332 2241 A.
356 2184 428 2247 U.
452 2181 648 2236 DCLX
659 2184 749 2236 lv.
787 2183 870 2235 Ea
892 2185 1003 2249 lege
1027 2182 1224 2252 judicia
1249 2201 1368 2234 cum
1393 2182 1655 2252 equitibus
1679 2196 1731 2235 et
1750 2182 2076 2234 senatoribus
2118 2247 2120 2250 v

269 2260 665 2319 communicata
700 2257 840 2321 sunt,
891 2256 1035 2324 quod
1071 2254 1153 2324 Q.
1177 2254 1436 2308 Servilius
1472 2252 1671 2324 Caepio
1706 2267 1756 2307 et
1777 2255 1841 2308 L.
1870 2252 2074 2306 Drusus

267 2332 453 2384 frustra
491 2341 831 2382 tentaverant.
903 2327 1052 2380 Nam
1086 2340 1206 2380 tum
1244 2345 1274 2381 e
1299 2329 1598 2397 Sempronia
1618 2326 1733 2396 lege
1757 2328 1956 2397 equites
1979 2325 2102 2382 soli''

265 2404 587 2477 judicabant.
624 2403 730 2454 vid.
754 2399 938 2454 Ascon.
977 2400 1043 2451 ad
1068 2399 1100 2453 l.
1126 2418 1168 2452 c.
1760 2450 1770 2469 s

387 2503 390 2507 ·
443 2475 546 2528 PL
563 2474 616 2529 Ο
633 2472 806 2540 ΤΙΛ,
845 2473 1084 2544 ejusdem
1110 2470 1274 2535 Trib.,
1299 2477 1362 2524 de
1385 2478 1434 2524 vi
1455 2478 1668 2524 armatis
1687 2477 1974 2537 hominibus,
2014 2484 2074 2524 ut
2123 2467 2125 2469 ¹

269 2551 335 2602 de
359 2550 467 2618 ejus
491 2550 660 2617 capite
682 2558 1034 2616 quaereretur,
1071 2543 1163 2612 qui
1184 2545 1297 2596 vim
1323 2542 1531 2630 spcifl'et.
1583 2542 1710 2614 Ejus
1736 2543 1892 2614 saepe
1914 2562 2073 2610 menf-

266 2623 341 2674 tio
375 2622 517 2689 apud
540 2618 881 2684 Ciceronem,
915 2622 966 2684 ἢ.
994 2637 1036 2669 c.
1058 2635 1155 2686 pro
1183 2615 1300 2671 Mil.
1326 2635 1368 2669 c.
1392 2621 1471 2670 13.
1507 2615 1576 2668 ad
1604 2615 1887 2670 Div.V111.-
1914 2619 1963 2671 8.
2002 2617 2074 2669 ad
2105 2671 2117 2676 ,

265 2692 376 2747 Att.
401 2693 494 2747 IV.
528 2693 633 2744 vid.
656 2693 837 2760 Sigon.
863 2691 927 2742 de
951 2690 988 2741 J
994 2687 1170 2743 ud..lI.
1196 2693 1280 2744 88.
1354 2687 1462 2740 Sed
1485 2688 1562 2740 ibi
1586 2690 1809 2757 graviter
1831 2701 1971 2741 errat
1992 2690 2074 2740 vir

269 2767 476 2830 doctus,
512 2783 632 2817 cum
659 2782 778 2816 eam
802 2764 974 2831 legem
999 2762 1304 2814 auctoritate
1326 2755 1500 2812 Catuli
1523 2760 1688 2813 latam
1717 2761 1868 2825 dicit,
1903 2761 2071 2814 adeo-

229 2835 231 2838 ’
266 2856 370 2908 que
406 2839 536 2890 duas
572 2838 712 2904 leges
737 2835 1008 2893 confundit
1032 2847 1082 2886 et
1106 2851 1203 2904 pro
1228 2851 1337 2886 una
1363 2833 1547 2898 habet,
1585 2851 1722 2902 quae
1744 2834 1888 2904 apud
1912 2828 2070 2885 Cice-'-

266 2927 457 2963 runem
482 2909 636 2978 saepe
660 2910 1062 2976 distinguuntur.
1097 2907 1438 2960 Lex'Lutatia
1459 2908 1644 2972 Catuli,
1678 2906 1744 2957 de
1767 2925 1873 2975 qua
1898 2904 2069 2976 supra,

267 2982 494 3036 severior
538 2982 636 3033 suit
668 2986 867 3045 Plotia,
924 2993 975 3032 et
1008 2977 1176 3031 sanxit
1208 2990 1506 3048 praeterea,
1558 2991 1614 3029 ut
1647 2978 2070 3046 quibuscumque

269 3055 480 3120 diebus,
529 3055 690 3106 etiam
726 3054 894 3117 sestis,
942 3052 1132 3121 quibus
1167 3051 1312 3102 nulla
1344 3050 1725 3102 exercebantur
1748 3051 1968 3119 judicia,
2002 3051 2067 3102 de
2110 3071 2114 3081 ·

266 3129 324 3179 vi
360 3129 545 3197 quaeri
582 3126 742 3196 pofi'et
776 3143 838 3176 ex
874 3130 1044 3178 Plotia
1082 3124 1208 3191 lege.
1284 3123 1472 3192 ltaque
1508 3142 1614 3174 non
1652 3123 1717 3173 de
1739 3128 1939 3187 Plotia,
1977 3120 2063 3174 sed

269 3202 334 3252 de
348 3207 561 3255 Lutatia
586 3199 867 3268 capiendus
890 3198 958 3248 est
981 3194 1166 3248 Cicero
1193 3213 1287 3265 pro
1302 3191 1483 3246 Coelio
1509 3194 1576 3246 ab
1593 3196 1722 3259 init.,
1749 3214 1868 3246 cum
1893 3196 2062 3262 legem

269 3272 366 3324 effe
394 3274 546 3337 dicit,
591 3288 728 3340 quae
760 3269 994 3338 quotidie
1018 3269 1199 3336 quaeri
1223 3267 1399 3335 jubeat
1421 3267 1485 3318 de
1509 3269 1561 3317 vi
1585 3268 1800 3319 armatis
1826 3267 2064 3318 homini-

265 3345 375 3399 bus.
427 3342 676 3398 Ceterum
701 3343 830 3414 quid
854 3342 912 3395 fit
939 3349 1038 3407 vis,
1066 3341 1224 3393 -docet
1251 3337 1435 3394 Cicero
1457 3358 1552 3410 pro
1564 3336 1807 3396 Caecina.
1856 3335 2067 3393 Caelius

1985 3430 2064 3481 ep.
