2144 3600
271 174 340 222 30
986 159 1364 214 INDEX

174 315 179 335 '
274 329 435 375 nillius
472 331 521 370 et
557 323 779 372 Mallius.
857 317 990 369 Item
1023 317 1171 388 ‘apud
1209 316 1447 371 Gellium
1483 305 1686 382 V1.11.'
1727 318 1812 389 [cf.
1840 316 2073 374 Gronov.

273 396 338 446 ad
373 393 419 444 h.
447 392 476 445 l.
511 391 598 460 st]
674 395 940 442 Mamilius
979 391 1212 442 defendit
1245 393 1405 443 etiam
1431 392 1644 460 Pighius
1669 390 1862 445 Annal.
1887 393 1950 444 T.
1979 392 2072 444 ΙΙΙ.

272 486 320 535 Ρ.
353 468 470 515 123.
511 462 614 517 vid.
644 460 775 532 plur.
799 481 882 530 ap.
908 459 1148 513 Cortium
1175 462 1241 514 ad
1269 461 1481 517 Sallust.
1502 466 1536 517 l.
1565 483 1607 517 c.
1683 463 1776 527 De
1791 467 2077 516 nominum

271 538 480 587 illorum
520 535 818 586 confusione
859 535 961 589 vid,
1004 547 1051 586 et
1071 532 1282 588 Gruter.
1322 537 1390 592 ad
1424 534 1530 590 Cic.
1555 537 1621 588 de
1646 535 1745 590 Or.
1770 537 1813 588 I.
1840 537 1928 592 58.
1978 537 2077 588 In·-

272 621 434 678 terpp.
471 607 537 657 ad
571 605 692 658 Liv.
720 606 946 658 XXVII.
974 606 1058 660 35.
1097 620 1148 659 et
1182 626 1310 664 mox
1347 609 1407 659 in
1429 614 1731 661 stIanilianis
1769 609 1899 676 legg.

445 678 632 730 MAN
647 679 735 730 IL
752 679 855 744 IA,
895 697 928 730 a
953 679 1001 730 T
1004 679 1101 753 rib.
1127 679 1195 749 pl.
1230 676 1288 735 C.
1312 679 1541 733 Manilio
1566 682 1673 734 lata
1696 693 1746 733 et
1769 699 1802 733 a
1827 684 2079 740 Praetore

271 748 527 807 Cicerone
555 749 793 817 defensa,
830 768 934 818 qua
957 756 1199 823 Pompejo
1225 757 1518 805 Mithridat.
1555 760 1674 806 belli
1706 758 1942 821 reliquiae
1963 775 2076 817 per·-

261 831 540 894 sequendae
560 831 779 876 traditae
806 820 935 874 sunt.
964 824 1070 876 vid.
1093 822 1216 892 Arg.
1237 823 1388 877 Orat.
1412 843 1510 894 pro
1532 825 1675 892 Lege
1699 823 1891 878 Manil.
1924 823 2077 878 Orat.
2129 872 2139 880 .

273 917 316 950 c.
338 899 423 949 29.
458 895 763 948 Plutarchus
797 896 852 945 in
879 894 1132 964 Pompeio
1168 916 1218 964 p.
1254 899 1374 951 643.
1400 899 1480 951 ed.
1504 896 1752 951 Wechel.

383 998 391 1005 ·
444 966 838 1020 MANILIA
877 975 940 1019 de
959 973 1335 1038 suffragiorum
1370 973 1673 1035 confusione,
1722 987 1818 1039 pro
1853 967 1998 1023 Mur.
2034 987 2077 1022 c.

224 1085 226 1087 v
274 1048 376 1107 23„
415 1059 448 1092 a
476 1044 532 1094 C.
554 1044 776 1093 Manilio
810 1039 956 1092 Trib.
988 1041 1055 1109 pl.
1082 1040 1147 1093 A.
1174 1040 1244 1095 U.
1262 1039 1635 1095 DCXXCVII.
1658 1041 1778 1095 lata.
1834 1041 1981 1094 Haec
2005 1042 2076 1094 est

275 1115 489 1178 eadem,
527 1128 661 1181 quae
695 1113 751 1162 in
776 1110 1096 1164 Corneliana
1133 1113 1321 1166 dicitur
1344 1124 1408 1167 de
1429 1121 1771 1168 libertinorum
1786 1119 2073 1182 suffragiis.

268 1188 351 1240 Ea
397 1187 543 1238 enim
578 1186 725 1253 lege,
769 1187 916 1253 cujus
951 1186 999 1235 ei
1033 1197 1304 1237 auctorem
1339 1184 1648 1239 Cornelium
1682 1186 1832 1256 fuiffe
1867 1187 2076 1241 dicebat

270 1257 559 1322 accusator,
606 1255 866 1307 sancitum
914 1258 1010 1321 est,
1058 1269 1116 1308 ut
1159 1257 1416 1311 libertinis
1460 1259 1516 1308 in
1552 1259 1801 1310 omnibus
1835 1258 2075 1314 tribubus

270 1331 587 1396 suffragium
613 1328 758 1392 effet,
779 1341 845 1379 'ut
869 1326 1121 1380 Asconius
1147 1329 1205 1379 in
1228 1328 1587 1387 Milonianani
1611 1330 1858 1399 prodidit.
1933 1329 2075 1384 Ante
2119 1377 2121 1379 .

271 1407 415 1457 enim
451 1401 679 1453 libertini
712 1418 899 1453 omnes
935 1402 992 1451 in
1026 1401 1268 1454 tribubus
1298 1413 1542 1470 quattuor
1574 1402 1791 1467 urbanis
1822 1401 2075 1471 suffragia

270 1478 535 1538 ferebant,
573 1475 630 1524 in
665 1491 793 1542 quas
829 1492 952 1524 cum
988 1473 1191 1540 reliqua
1230 1473 1340 1526 fece
1376 1476 1594 1543 conjecti
1619 1487 1766 1526 erant
1788 1492 1821 1526 a
1844 1472 2076 1530 Censore
2143 1506 2144 1530 ;

269 1549 466 1609 Fabio,
506 1549 597 1614 qui
621 1545 721 1596 hoc
742 1545 940 1596 salubri
965 1546 1194 1596 instituto
1217 1545 1451 1597 Maximi
1473 1564 1768 1614 cognomen
1795 1538 2004 1599 meruit.

377 1672 379 1677 ,
445 1616 1028 1672 MANILIANAE
1063 1617 1201 1685 leges
1225 1626 1470 1671 venalium
1494 1625 1892 1683 vendendorum,
1929 1620 1988 1670 in
2009 1619 2073 1678 L,

269 1696 313 1750 Ι.
350 1695 415 1747 de
453 1691 606 1744 Orat.
646 1710 687 1743 c.
716 1692 829 1755 58.,
873 1703 1020 1742 erant
1042 1690 1333 1756 formulae,
1373 1690 1563 1760 quibus
1587 1691 1662 1743 uti
1685 1690 1884 1760 poffent
1905 1693 1969 1743 in
1984 1711 2077 1747 re-

270 1767 367 1821 bus
415 1763 704 1817 vendendis
764 1763 1133 1832 emendisque,
1193 1764 1286 1832 qui
1329 1760 1383 1815 se
1428 1763 1603 1832 decipi
1647 1763 1870 1816 nollent:
1935 1767 2075 1820 unde

267 1844 512 1895 Actiones
546 1848 801 1887 voc-antur
833 1854 865 1888 a
889 1834 1230 1899 VarronessR.
1251 1835 1318 1889 R.
1354 1834 1422 1887 II.
1449 1839 1496 1887 5.
1538 1836 1660 1899 11.‚‘
1687 1835 1834 1890 unde
1868 1847 1918 1888 et
1950 1856 2076 1891 ver-

269 1912 495 1974 bofiores
529 1907 672 1960 fuifl'e
699 1907 959 1961 discimus,
1035 1907 1357 1977 Exemplum
1382 1908 1499 1960 talis
1523 1909 1652 1974 legis
1676 1907 1746 1959 est
1767 1908 1911 1978 apud
1937 1926 2077 1962 eun-

271 1985 397 2038 dem
423 1984 494 2036 ΙΙ.
521 1986 568 2035 3.
595 1983 641 2034 5.
679 1979 967 2039 Auctorem
997 1980 1266 2032 habebant
1289 1986 1524 2033 Manium
1544 1984 1838 2045 Manilium,
1874 1979 2076 2036 JCtum

271 2053 414 2120 eum,
452 2055 547 2125 qui
569 2052 634 2108 A.
658 2050 729 2109 U.
754 2051 958 2107 DClII'.
999 2049 1192 2117 Consul
1216 2071 1336 2104 cum
1351 2051 1417 2105 L.
1430 2052 1637 2106 Marcio
1651 2049 1938 2104 Censorino
1961 2055 2077 2111 fuit.

269 2130 354 2182 De
376 2129 667 2197 scriptura,·
695 2135 868 2178 utrum
893 2130 1079 2179 M'anil.
1114 2143 1184 2180 an
1206 2129 1444 2192 Marna„
1479 2144 1526 2179 ν.
1552 2125 1750 2178 Victor.
1775 2125 1846 2176 ad
1867 2125 2018 2184 Varr.
2043 2129 2078 2182 l.

268 2223 339 2269 c.,
372 2202 578 2256 variant
604 2199 749 2250 enim
775 2199 910 2252 libri.
1637 2248 1640 2252 ,

443 2270 749 2335 MARIA,
785 2271 892 2323 lata
916 2288 947 2322 a
977 2273 1224 2326 C.Mario
1237 2268 1383 2323 Trib.
1409 2268 1572 2340 pl.e0‚
1609 2270 1701 2338 qui
1723 2268 1899 2339 postea
1921 2268 2079 2341 saepe
2108 2273 2110 2275 ’

220 2350 236 2376 ·‘
268 2343 463 2398 Consul
498 2344 629 2408 fuit,
675 2343 740 2398 A.
763 2341 835 2398 U.
860 2340 1146 2394 DCXXXI
1157 2342 1241 2405 V.,
1279 2342 1541 2395 ambitum
1566 2347 1765 2394 coe'rcet
1785 2353 1836 2394 et
1858 2342 2080 2410 liberta—

268 2432 379 2471 tem
404 2417 639 2485 suffragii
663 2416 866 2469 ferendi
890 2425 1061 2481 auget.
1118 2413 1161 2465 J
1164 2412 1279 2467 usfit
1301 2416 1464 2478 enim,
1500 2429 1555 2467 ut
1574 2428 1750 2482 pontes
1769 2420 2079 2484 angustiores

255 2494 464 2556 fierent,
502 2508 633 2558 quos
657 2488 968 2553 suffragium
993 2486 1215 2538 serentes
1238 2486 1545 2550 transibant,
1581 2486 1648 2538 de
1669 2485 1830 2554 Legg.
1854 2487 1946 2542 lV.
1977 2492 2079 2557 17„

269 2581 336 2614 ne
369 2565 484 2631 quis
518 2562 622 2613 scil.
647 2555 900 2628 inspicere
922 2558 1174 2612 tabellam
1198 2558 1384 2628 postet,
1422 2575 1492 2610 ne
1515 2576 1698 2626 rogare
1724 2559 1790 2610 de
1813 2556 2079 2628 suffragiu,

270 2647 361 2689 aut
398 2635 665 2704 appellare
701 2633 977 2685 ser-entem.
1050 2630 1132 2682 Ea
1178 2630 1290 2695 lex,
1313 2669 1315 2671 ι
1338 2631 1464 2698 quia
1496 2633 1761 2700 potentiae
1794 2649 2079 2700 procerum

268 2707 757 2832 iffifflirssratzii
787 2702 1036 2828 ἓῗὲἷέηῗ
1057 2699 1962 2844 ῙῖἷῗίκῗὲἳῑῗξἙ-ὅὲῗέᾚῖεῗὲἷω
1994 2706 2101 2772 ‘³¹³‘

444 2847 855 2912 ΜΕΜΜΙΑ,
898 2866 1035 2917 quae
1081 2866 1145 2901 ex
1182 2847 1333 2900 Orat.
1370 2864 1467 2917 pro
1502 2847 1557 2901 S.
1592 2846 1782 2901 Roscio
1815 2847 2080 2915 laudatur,

269 2925 458 2976 rectius
481 2927 724 2975 Remmia
747 2922 959 2984 dicitur,
1001 2921 1065 2973 de
1089 2938 1196 2988 qua¹
1217 2918 1309 2971 suo
1333 2919 1464 2986 loco,
1587 2916 1595 2923 “

432 2991 635 3048 ’ΜΠΟ
651 2993 670 3044 Ι
685 2991 735 3044 Α
766 2993 854 3045 LI
870 2991 913 3044 C
929 2994 953 3044 I
969 2991 1152 3056 NIA,
1187 2993 1292 3046 vid.
1315 2993 1521 3046 Licinia
1543 2997 1732 3047 Mucia.
1831 3013 1835 3015 ’

444 3064 949 3120 MILITARES
986 3063 1292 3130 LEGES.
1367 3063 1684 3118 ProFIacco
1708 3069 1750 3119 c.
1775 3069 1888 3119 32:
1930 3067 2107 3132 siju-1

266 3148 377 3210 stas
400 3144 687 3196 inimicitias
699 3146 918 3204 putabam,
957 3160 1056 3201 cur,
1096 3161 1200 3191 cum
1221 3141 1354 3191 Trib.
1379 3143 1484 3189 mil.
1497 3142 1707 3191 Flaccus
1733 3144 1866 3205 effer,
1900 3145 1951 3190 in
1978 3146 2080 3204 ejus

273 3223 471 3284 legione
497 3218 638 3265 miles
651 3215 824 3278 fuisti,
859 3231 968 3261 cum
996 3217 1088 3262 tibi
1106 3233 1198 3277 per
1221 3219 1358 3278 leges
1382 3215 1628 3263 militares
1652 3216 1885 3279 effugere
1907 3217 2079 3262 liceret

271 3292 585 3356 iniquitatem
613 3286 854 3336 Tribuni?
891 3281 989 3350 Ap.
1014 3281 1255 3351 Lipslum
1291 3282 1356 3332 de
1389 3299 1445 3332 re
1469 3282 1621 3336 milit.
1646 3283 1764 3334 XV.
1795 3282 1875 3335 15.
1913 3283 1980 3334 de
2004 3280 2080 3333 le-

273 3361 423 3427 gibus
458 3355 777 3410 militaribus
814 3354 1011 3422 agitur,
1049 3352 1138 3409 sed
1176 3354 1242 3409 de
1276 3352 1475 3423 legibus
1513 3354 1638 3409 furti
1671 3366 1908 3420 tantum,
1947 3354 2081 3419 nihil

2020 3427 2083 3480 de
