2144 3600
789 129 1228 188 LEGUM.
1394 198 1400 208 ⁶
1834 131 1907 182 w

93 295 283 369 quibus
325 294 519 366 judicia
556 291 700 346 nulla
739 302 915 356 erant,
964 290 1091 357 (vid.
1127 287 1239 343 Act.
1277 287 1319 342 I.
1348 289 1400 341 in
1438 287 1587 342 Verr.
1618 290 1723 353 to.)
1760 286 1827 340 ‹le
1852 287 1905 338 vi

93 370 278 440 quaeri
317 365 492 440 poss‘et.
544 385 640 437 pro
671 362 855 418 Coelio
888 382 931 417 c.
954 367 1001 417 1.
1034 361 1151 425 (ubi
1185 360 1405 429 Pighius
1441 360 1510 413 ad
1533 378 1580 415 a.
1603 357 1902 414 DCLXIV.

92 443 203 510 legi
220 440 330 495 vult
364 439 536 496 retulit
570 457 665 509 pro
689 437 825 503 tulit)
849 448 899 490 et
925 439 1010 490 29.
1049 436 1335 505 Propterea
1359 445 1537 487 autem
1563 433 1697 494 adeo
1726 430 1903 485 severe

94 515 163 568 de
198 513 253 582 vi
278 511 536 579 sancitum
562 511 657 575 est,
698 509 839 579 quod
865 525 927 561 eo
955 519 1063 561 tem
1106 525 1195 560 ore
1220 523 1372 559 arma
1400 506 1457 557 in
1485 503 1594 575 ipsa
1621 504 1752 557 urbe
1777 520 1903 557 ver-

91 584 338 641 sabantur
375 576 578 651 civilia,
624 583 862 653 adeoque
899 577 1063 633 severi
1089 579 1231 634 simis
1266 577 1467 647 legibus
1504 577 1794 631 co'e'rcenda
1822 575 1903 630 vis

94 670 235 720 era*
254 657 451 786 lM‘iikE
462 727 514 783 N
526 729 547 780 Ι
560 725 624 792 A,
656 725 762 779 lata
785 744 817 778 a
842 722 1050 779 Maenio
1063 723 1210 779 Trib.
1227 723 1295 794 pl.
1309 720 1370 775 A.
1385 717 1901 784 U.CCCCLxV11.‚

45 851 61 870 Δ.
90 814 147 868 ut
181 815 354 875 patres
390 814 510 867 ante
547 802 678 853 inita
711 816 743 850 a
781 797 974 870 populo
1015 795 1262 865 suffragia
1299 797 1490 848 fierent
1525 809 1762 848 auctores
1789 795 1899 861 ejus

60 895 69 929 ἃ
89 875 194 942 rei,
229 873 658 946 quamvpopulus
694 870 911 941 jussurus
950 869 1096 935 effet,
1144 887 1317 939 neque
1353 869 1489 920 adeo
1514 866 1900 938 reprehendere

87 942 344 1012 comitia,
389 946 453 1002 h.-
493 964 536 1001 e.
586 945 734 996 irrita
771 943 972 1009 facere,
1020 941 1233 1014 possent.
1275 944 1330 994 in
1369 941 1535 992 Bruto
1571 958 1614 995 c,
1659 939 1737 992 14.
1811 935 1900 989 Ad

89 1018 230 1084 hanc
257 1019 427 1089 legem
455 1017 661 1089 respicit
683 1015 872 1069 Livius
898 1016 935 1069 1.
970 1018 1080 1073 17.:
1125 1021 1513 1078 Dect-everunt,
1548 1028 1631 1078 ut,
1669 1034 1778 1065 cum
1812 1034 1897 1077 po-

63 1093 65 1098 Α
87 1098 234 1163 pultes
280 1114 453 1163 regem
486 1093 729 1162 jussisset,
788 1097 843 1143 id
870 1091 947 1163 [ξε
986 1106 1151 1141 ratum
1189 1093 1335 1156 esset,
1376 1087 1425 1149 fi
1462 1089 1644 1139 Patres
1676 1099 1899 1137 auctores

77 1160 297 1231 fierent,
331 1163 564 1233 hodieque
596 1170 649 1215 in
676 1169 863 1232 legibus
888 1166 1351 1231 magistratibusque
1372 1164 1610 1227 rogandis
1636 1163 1899 1226 usurpatur·

75 1244 228 1302 'idem
257 1246 364 1305 jus,
401 1245 453 1290 vi
476 1245 694 1291 ademta.
769 1235 1061 1303 Priusquam
1085 1240 1293 1301 populus
1303 1237 1618 1300 suffragium
1648 1238 1810 1293 ineat,
1847 1236 1899 1281 in

89 1315 335 1371 incertum
371 1315 684 1363 comitiorum
724 1322 952 1360 eventum
989 1322 1158 1374 patres
1183 1320 1404 1359 auctores
1421 1305 1574 1367 fiunt.
1649 1299 1899 1355 Ceterum

89 1381 175 1436 lex
199 1379 423 1435 Maenia
448 1380 786 1435 confirmavit
808 1391 1016 1431 tantum
1042 1390 1091 1429 et
1116 1378 1328 1443 repetiit
1353 1375 1522 1444 legem
1546 1380 1816 1429 Publiliam
1840 1374 1898 1424 in

89 1453 318 1516 eandem
344 1450 656 1513 sententiam
682 1452 793 1522 jam
821 1450 884 1503 A.
908 1447 979 1504 U.
1004 1447 1333 1503 CCCCXlV.
1363 1467 1393 1499 a
1421 1448 1490 1519 Q.
1515 1447 1742 1499 Publilio
1763 1445 1899 1498 Phi-

85 1523 208 1579 lone
226 1522 499 1578 Dictatore
531 1523 708 1576 latam.
745 1524 864 1575 Liv.
887 1522 1033 1575 Vlll.
1067 1527 1147 1575 12.
1186 1522 1290 1575 vid.
1316 1517 1552 1575 Gronov.
1581 1518 1714 1572 obs.
1739 1518 1778 1572 Ι.
1797 1517 1901 1583 25.,

52 1639 58 1643 -
85 1599 176 1669 qui
206 1595 386 1658 locum
419 1596 570 1651 illurn
594 1593 862 1647 Ciceronis
892 1595 1096 1661 egregie
1132 1594 1362 1669 illustrat,

258 1666 372 1723 Lex
396 1666 990 1733 MAJESTATIS,
1029 1664 1186 1720 Corn.
1211 1666 1424 1731 Sulla‘e,
1457 1665 1510 1715 in
1527 1660 1701 1717 Pison.
1727 1682 1768 1717 c.
1794 1666 1898 1727 21„

84 1759 135 1795 v.
153 1743 402 1811 ‘Corneiia
424 1748 487 1795 de
509 1747 785 1809 majestate.
859 1739 1073 1792 Praeter
1096 1758 1215 1792 eam
1245 1740 1309 1792 de
1325 1737 1599 1804 majestate
1615 1736 1898 1790 laudantur

85 1815 224 1886 apud
238 1812 550 1882 Ciceronem
576 1820 819 1884 Apuleja,
855 1816 1035 1878 Varia,
1063 1811 1216 1879 Iulia,
1247 1813 1311 1864 de
1338 1811 1529 1882 quibus
1552 1807 1656 1862 suis
1681 1808 1821 1864 locis.

260 1884 466 1941 MAM
484 1884 567 1939 lL
589 1887 601 1938 Ι
621 1886 669 1937 A
691 1895 754 1939 de
787 1883 1023 1955 regundis
1037 1888 1222 1949 finibus
1246 1907 1503 1955 agrorum,
1543 1881 1593 1937 h.
1624 1899 1669 1934 e.
1696 1880 1893 1934 sundo-

80 1977 236 2024 ¹1·um;
272 1963 393 2031 ‚qu'a
430 1957 759 2018 constitutum
791 1961 888 2023 est,
937 1971 992 2011 ut
1038 1961 1092 2009 in
1142 1957 1334 2011 finibus
1367 1973 1615 2025 agrorum
1658 1957 1894 2023 quinque

84 2031 248 2103 pedes
295 2034 352 2085 in
389 2031 738 2087 latitudinem
785 2032 1233 2102 relinquerentur,
1285 2043 1341 2084 ut
1381 2029 1543 2098 Legg.
1575 2028 1684 2080 ΧΠ
1721 2026 1893 2084 Tabb,

89 2102 421 2169 constitutum
447 2103 593 2168 effet,
633 2117 683 2157 et
710 2104 893 2177 singuli
927 2104 1109 2156 arbitri
1136 2105 1380 2173 regendis
1409 2102 1601 2154 sinibus
1625 2085 1891 2166 darentur,

88 2193 211 2227 cum
247 2192 277 2228 e
300 2174 460 2244 Legg.
487 2175 595 2228 Xll
622 2176 791 2228 Tabb.
818 2189 920 2229 tres
945 2175 1130 2239 essent,
1168 2178 1201 2229 fi
1229 2178 1294 2230 de
1319 2175 1509 2229 finibus
1533 2187 1650 2229 orta
1677 2186 1894 2226 contro-

86 2246 441 2302 verfia.·effet.-
514 2249 579 2300 de
626 2247 790 2318 Legg.
833 2249 874 2301 Ι.
910 2254 998 2303 21.
1082 2249 1239 2301 Hunc
1283 2250 1459 2302 locum
1496 2265 1605 2299 non
1637 2248 1769 2299 vidit
1811 2243 1892 2300 Cl.

48 2366 49 2369 ,
85 2317 394 2386 Heineccius
428 2319 493 2375 H.
534 2321 587 2374 J.
625 2319 684 2374 C.
718 2321 789 2375 R,
824 2342 873 2391 p.
901 2321 987 2375 85.
1014 2325 1131 2386 86.‚
1170 2321 1261 2373 ubi
1291 2320 1533 2391 pluribus
1561 2320 1626 2372 de
1653 2320 1753 2372 bac
1775 2317 1893 2388 lege

85 2395 170 2456 (ex
210 2389 424 2465 Goefiq)
485 2391 745 2459 disserere
784 2393 1026 2459 instituit,
1075 2396 1220 2464 quod
1256 2414 1289 2447 a
1324 2394 1508 2463 paucis
1553 2393 1890 2461 intelligatur.

83 2462 236 2517 Nihil
274 2465 433 2538 igitur
465 2465 533 2519 de
568 2466 793 2520 arbitris.
867 2465 1121 2520 Ceterum
1160 2468 1225 2520 de
1261 2467 1358 2520 hac
1393 2467 1506 2534 lege
1536 2466 1641 2522 vid.
1669 2462 1891 2519 Goefius

81 2537 151 2590 ad
187 2535 376 2609 Script.
407 2554 516 2608 agr.
554 2558 603 2609 p.
641 2543 761 2594 339.
797 2553 850 2592 et
884 2542 942 2592 in
982 2553 1088 2595 not.
1128 2561 1178 2610 p.
1216 2542 1331 2597 182.
1360 2543 1478 2593 191.
1508 2550 1602 2593 etc.
1678 2538 1891 2591 Primus

75 2606 600 2739 ῗεῗῖηεῦοὲιὲῃ-Ιλιῖᾗυε
641 2612 858 2683 protulit
901 2612 1109 2684 Lipsius
1160 2613 1325 2667 Elect.
1366 2614 1409 2668 I.
1463 2616 1544 2667 15.
1631 2610 1774 2664 Lata
1820 2611 1893 2665 est

33 2815 37 2825 ,
72 2751 74 2754 ’
251 2754 658 2833 MAMILIA
705 2759 763 2810 in
798 2758 967 2813 Bruto
999 2778 1042 2813 c.
1074 2763 1158 2813 38.
1197 2758 1281 2813 34.
1357 2756 1421 2809 In
1459 2756 1577 2813 edd.
1614 2754 1786 2825 vulgg.
1822 2754 1893 2808 est

79 2830 327 2899 Manilia,
386 2846 522 2898 quae
566 2832 789 2884 nomina
837 2832 1228 2884 confunduntur
1273 2829 1571 2901 saepissime
1618 2832 1675 2882 in
1724 2829 1886 2881 libris.

82 2894 175 2950 Est
193 2901 389 2969 rogatio
415 2919 497 2968 ea,
535 2903 599 2955 de
623 2922 730 2972 qua
745 2903 948 2959 Sallust.
975 2905 1035 2961 B.
1059 2904 1098 2956 J
1104 2924 1186 2973 ug.
1224 2923 1265 2958 r.
1292 2909 1404 2959 40.:
1440 2906 1584 2960 Inter
1611 2925 1668 2955 ea
1689 2905 1747 2955 C.
1767 2907 1887 2954 stla-

77 2977 244 3024 milius
277 2974 580 3042 Eimetanus
610 2983 741 3030 Trib.
772 2984 843 3046 pl.
872 2987 1184 3047 rogationem
1217 2987 1285 3031 ad
1315 2983 1552 3046 populum
1575 2982 1885 3045 promulgat,

76 3050 154 3097 uti
189 3063 504 3112 quaereretur·
537 3057 589 3103 in
617 3072 723 3115 eos,
761 3074 963 3119 quorum
988 3055 1185 3116 consilio
1206 3049 1456 3120 Iugurtha
1489 3053 1660 3102 Senati
1683 3056 1887 3099 decreta.

79 3122 410 3185 neglexiffet„
445 3127 612 3192 quique
643 3131 702 3174 ab
738 3143 795 3175 eo
830 3131 884 3177 in
922 3132 1251 3195 legationibus
1283 3140 1369 3177 aut
1402 3129 1628 3191 imperiis
1656 3125 1885 3187 pecunias

77 3195 369 3257 accepissent
379 3210 401 3252 ;
443 3200 521 3259 qui
544 3202 858 3263 elephantos,
910 3207 988 3265 qui
1012 3195 1255 3266 petfugas
1278 3201 1615 3263 tradidissent,
1660 3199 1777 3243 item
1804 3197 1883 3259 qui

77 3263 142 3310 de
169 3283 294 3327 pace
327 3276 415 3315 aut
444 3272 571 3318 bello
606 3290 716 3320 cum
751 3275 954 3335 hostibus
985 3278 1240 3339 pactiones
1255 3273 1505 3336 feciffent.
1580 3265 1663 3316 Ibi
1688 3263 1883 3334 optimi

44 3394 48 3397 ,
74 3325 241 3387 codd·
278 3345 328 3388 et
361 3334 600 3406 plerique
637 3340 831 3394 habent
854 3348 1146 3404 Mamilius3
1180 3341 1269 3396 sed
1293 3338 1532 3393 nonnulli
1556 3349 1739 3391 tamen
1762 3342 1880 3390 Ma-

1716 3417 1883 3463 nillius
