2144 3600
277 158 357 216 84.
989 155 1372 224 INDEX

454 311 818 367 REMMIA
843 317 960 385 (pro
978 333 1089 384 quo
1113 315 1284 385 vulgg
1307 315 1424 374 edd.
1452 320 1702 373 Memmia
1717 317 1928 384 habent,
1963 319 2089 389 qui..

282 389 406 440 dam
434 389 598 440 etiam
613 394 892 442 Remniam
914 389 1121 454 dicunt,
1164 402 1444 458 utrumque
1466 391 1639 457 male,
1674 404 1730 444 et
1746 393 2089 462 repugnanti-

283 461 395 514 bus
405 456 582 515 ..Codd
598 460 957 529 melioribus,
998 479 1124 520 cum
1159 459 1546 528 CiceronianiS,
1588 475 1710 516 tum
1730 463 2088 532 Digestorum,

283 536 343 591 in
381 532 598 600 quibus
610 533 676 598 de
711 531 812 598 hac
835 534 916 601 leg
921 551 947 584 e
976 534 1044 587 est
1067 531 1452 603 XLV111.16)
1524 503 1647 604 Ωιιο
1673 548 1883 589 auctore
1906 548 1957 588 et
1980 554 2087 605 quo

286 622 427 669 anno
451 603 558 671 lata
579 603 665 665 fit,
701 623 824 656 ιιοιι
819 552 1071 670 cognstat.
1120 605 1236 658 Hoc
1260 623 1321 659 ex
1351 603 1460 662 Cic
1485 626 1602 679 pro
1608 607 1663 663 S.
1684 606 1874 666 Roscio
1901 606 2088 662 Amer.

286 695 332 745 (2.
343 679 468 744 19...
475 666 718 744 intelligi
760 671 948 746 potest,
1014 675 1160 734 fuiffe
1189 678 1496 749 oppositam
1539 680 1903 749 impudentiae
1937 678 2087 732 calu-

286 734 639 813 mniatorum,
656 766 744 800 ne
770 746 873 803 scil.
902 749 1102 815 liceret,
1139 752 1377 820 quemvis
1401 753 1483 806 vel
1508 754 1842 805 innocentem
1867 755 2088 825 impune

280 811 557 889 Accusare,
620 823 774 890 eique
818 817 1113 889 molestiam
1147 841 1351 888 creare,
1394 824 1498 876 sne
1538 823 1708 877 causa.
1794 824 1876 876 Ex
1913 843 1956 877 (2.
1995 828 2088 878 20.

280 907 471 958 autem
497 895 795 962 colligitur,
804 883 1247 965 calumniatorum
1269 895 1435 962 fronti
1447 897 1654 954 literam
1680 895 1827 948 fuiffe
1842 897 2087 948 inustam.

281 948 450 1035 Ωιι33
488 979 671 1018 autem
705 969 847 1018 inuri
879 965 1027 1027 solita
1063 967 1147 1033 fit,
1206 968 1271 1021 de
1307 986 1368 1020 eo
1406 988 1512 1020 non
1548 967 1669 1022 satis
1703 982 1842 1021 certo
1877 969 2087 1022 confiat.

279 1038 445 1097 Nam
476 1039 568 1096 etsi
599 1037 774 1092 valde
787 1039 1074 1111 probabilis
1108 1040 1176 1092 est
1200 1059 1388 1093 eorum
1416 1044 1625 1126 opinio,
1669 1043 1763 1111 qui
1783 1039 1837 1092 K
1861 1031 2087 1095 inustam

277 1125 530 1182 putant,
560 1112 703 1180 quod
747 1129 807 1176 ea
850 1115 1026 1183 prima
1067 1113 1217 1166 litera
1254 1114 1324 1167 est
1357 1117 1499 1167 vocis
1530 1122 1802 1180 calumnia,
1852 1130 1884 1171 3
1920 1115 2087 1164 veteri

277 1183 555 1252 scribendi
586 1185 815 1252 ratione,
867 1202 1006 1253 quae
1047 1188 1300 1238 kalumnia
1334 1182 1639 1251 scribebat,
1654 1205 1704 1246 v
1731 1184 1935 1239 Vossius
1957 1184 2086 1236 Ari-

291 1257 684 1309 starch.1.17.:
724 1269 906 1308 tamen
945 1276 1051 1308 non
1089 1257 1158 1308 est
1194 1259 1343 1309 omni
1380 1276 1442 1308 ex
1466 1271 1614 1328 parte
1636 1270 1803 1324 certa,
1842 1256 1930 1308 sed
1953 1275 2087 1311 con-

271 1382 273 1386 ,
288 1332 489 1399 iectura
511 1340 718 1386 tantum
745 1331 952 1398 nititur3
968 1330 1194 1397 quando
1219 1347 1380 1380 nemo
1405 1343 1522 1382 vett.
1550 1330 1620 1381 est
1648 1332 1758 1399 ejus
1784 1330 1863 1381 rei
1887 1325 2085 1382 auctor.
2137 1353 2141 1369 ι

271 1400 378 1471 scs.
408 1397 664 1465 Garaton.
702 1401 767 1452 ad
794 1390 908 1453 Cic
921 1371 969 1456 1,
1008 1402 1043 1454 1.
1077 1413 1127 1453 et
1148 1398 1346 1468 Gierig.
1368 1401 1450 1454 3(1
1462 1402 1610 1460 ΡΙίιι.
1639 1402 1851 1470 Panegy
1855 1419 1895 1454 r.
1932 1421 1974 1453 (2.
1999 1400 2084 1453 35.

287 1472 377 1525 De
412 1461 445 1523 'k
481 1472 677 1526 litera
661 1491 718 1523 m
755 1493 883 1527 voce
921 1474 1187 1530 calumnia
1212 1491 1258 1526 v.
1282 1471 1567 1525 Porcellini
1591 1471 1745 1526 Thes.
1775 1472 1810 1525 Γ.
1838 1473 1888 1525 h.
1914 1492 1961 1526 v.
1988 1465 2080 1540 R.]

286 1539 510 1597 Frustra
525 1537 604 1598 ad
636 1543 884 1597 Paullum
911 1549 1165 1615 provocat
1192 1542 1412 1598 Vossius.
1481 1536 1632 1600 Nihil
1668 1545 1734 1596 de
1771 1545 1920 1597 litera
1944 1545 2082 1595 dicit.

286 1617 404 1670 Hoc
435 1635 638 1689 poenae
677 1635 839 1690 genus
873 1615 1079 1670 sustulit
1115 1618 1306 1670 deinde
1330 1615 1693 1675 Constantinus
1721 1616 1800 1670 Μ.
1825 1617 1929 1667 vid.
1954 1616 2082 1666 Me-

285 1690 436 1763 nard.
474 1689 540 1742 ad
564 1688 728 1744 Cicer.
757 1690 790 1745 1.
825 1710 865 1743 (2.
940 1690 1307 1760 [Quamquam
1333 1707 1362 1742 3
1389 1690 1550 1742 Plinii
1582 1689 1613 1740 1.
1639 1688 1671 1741 l.
1699 1688 1972 1758 probabile
1997 1687 2081 1776 fit,

284 1757 398 1834 jain
442 1775 562 1815 ante
608 1779 733 1814 eum
768 1760 1130 1817 intermissum
1173 1762 1349 1815 suifl'e.
1373 1761 1465 1832 R]
1547 1760 1709 1814 Extat
1742 1765 1818 1814 Br
1823 1767 2081 1846 εηειηαιιηὶ

285 1836 516 1889 eruditus
543 1835 608 1886 de
632 1836 731 1887 hac
751 1819 864 1903 lege
893 1835 1113 1890 libellus.

261 1913 289 1926 ““
342 1920 344 1923 ’
461 1905 548 1960 D‘e
580 1906 867 1962 REPET
881 1905 1161 1982 UNDIS
1172 1907 1363 1992 leges,
1411 1906 1603 1989 quibus
1626 1876 1869 1959 tenentur
1899 1907 2077 1974 magi-

279 1980 487 2043 stratus
507 1993 557 2032 et
579 1972 864 2046 senatores,
909 1977 1001 2049 qui
1025 1983 1080 2032 in
1101 1977 1407 2066 provinciis,
1447 1992 1538 2031 aut
1559 1991 1772 2049 propter
1788 1996 1902 2031 rem
1929 1981 2087 2048 judi-s

266 2051 523 2118 caudam,
557 2066 736 2107 contra
761 2053 913 2121 leges
942 2054 1411 2122 pecuniascepere:
1446 2049 1554 2105 Cic.
1579 2048 1895 2122 procluent.
1922 2070 1964 2104 (2.
1991 2056 2077 2103 37.

263 2127 367 2181 54.
405 2122 531 2177 sunt
551 2127 855 2193 Calpurnia,
886 2129 1088 2192 Acilia,
1124 2124 1305 2189 Iunia,
1349 2128 1576 2188 Servilia,
1619 2128 1881 2188 Cornelia,
1921 2120 2076 2187 Iulia,
2103 2139 2117 2155 ‘¹

262 2199 345 2250 (13
371 2198 569 2268 quibus
599 2196 703 2251 suis
719 2198 849 2250 locis
874 2198 1059 2266 agitur.
1099 2198 1187 2266 [cf.
1215 2197 1416 2249 Klenze
1437 2196 1709 2264 Fragmm.
1733 2195 1868 2264 legis
1887 2195 2073 2248 Servii.

263 2270 571 2342 Repetund.
599 2271 962 2340 Prolegom.p
968 2271 1071 2324 .X.
1098 2268 1156 2323 ΓΓ.
1189 2269 1279 2341 R]

280 2370 282 2372 ’
449 2340 805 2395 ROSCIA·
818 2350 1107 2408 theatralis,
1152 2342 1259 2395 lata
1296 2361 1328 2394 a
1363 2348 1432 2396 L.
1468 2347 1651 2409 RoscIo
1690 2345 1888 2395 Othone
1923 2340 2071 2393 Ἰί·11ι.

264 2414 344 2484 pt
380 2414 449 2468 Α.
471 2413 544 2470 U.
569 2412 969 2467 DCLXXXVI.
1002 2413 1063 2468 C.
1087 2412 1373 2484 Calpurnio
1395 2413 1580 2487 Pisone
1616 2425 1666 2464 et
1685 2411 1874 2464 Manio
1897 2410 2070 2465 Acilio

274 2487 569 2541 GlabriOne
592 2483 753 2553 Coff„
789 2487 991 2539 fautore
1029 2435 1273 2556 equestris
1307 2479 1520 2539 ordinis.
1591 2483 1675 2536 Ea
1700 2483 1955 2537 sancitum
1981 2486 2067 2551 est,

271 2562 344 2619 n'e
374 2557 494 2629 quis
525 2562 584 2611 i'n
610 2560 1008 2629 quatuordecim
1020 2558 1276 2626 gradibus
1297 2558 1612 2621 orchestrae,
1647 2559 1702 2607 in
1725 2575 1832 2626 qua
1854 2555 2068 2610 senato-

259 2650 353 2684 res
369 2630 668 2697 sedebant,
725 2633 982 2702 proximis
1028 2629 1256 2696 sederet,
1307 2630 1401 2682 nisi
1433 2631 1529 2699 qui
1567 2646 1725 2694 eques
1761 2642 1812 2681 et
1843 2630 2066 2699 equestri

269 2701 440 2755 censu
480 2704 613 2757 esset.
686 2702 878 2790 Itaque·
911 2704 950 2756 fi
985 2706 1102 2772 quis
1137 2701 1352 2757 censum
1396 2701 1675 2754 decoxiffet
1711 2719 1898 2771 eques,
1956 2720 2064 2755 non

256 2772 458 2829 ‘licebat
479 2778 553 2841 ei,
596 2779 734 2828 inter
760 2778 959 2846 equites
987 2774 1180 2829 sedere.
1239 2772 1358 2830 Cic.
1378 2775 1513 2831 Phil.
1533 2772 1597 2828 lI
1630 2775 1713 2829 18.
1783 2773 1933 2828 Ν3ιιι
1965 2775 2064 2825 de·-

255 2846 561 2902 coctoribus
599 2851 973 2918 cujuscumque
1009 2850 1249 2914 ordinis,
1282 2859 1340 2899 ut
1379 2864 1442 2899 ex
1477 2846 1668 2898 eodem
1699 2847 1813 2898 loco
1849 2847 2060 2913 confiat,

158 2924 161 2926 “
262 2933 429 2974 certus
465 2920 628 2985 locus
640 2919 959 2989 asfignatus
943 2939 999 2972 m
1022 2922 1226 2974 theatro
1258 2932 1397 2984 erat,-
1430 2935 1603 2986 neque
1626 2916 1796 2969 solum
1818 2919 1929 2986 his,
1964 2922 2060 2987 qui

257 2989 393 3059 suo,-
426 2989 520 3045 sed
560 2993 722 3046 etiam
761 2996 855 3062 qui
895 2994 1136 3046 fortunae
1165 2994 1293 3045 vitio
1326 2989 1650 3047 decoxifl'ent.
1725 2991 1788 3042 In
1825 2990 1922 3044 Or.
1957 3010 2055 3061 pro

255 3063 477 3120 Mur-en.
515 3083 556 3118 (2.
595 3068 675 3119 19.
712 3065 814 3118 bis
839 3066 1032 3118 dicitur
1066 3065 1150 3118 lex
1187 3065 1319 3119 haec
1355 3062 1622 3132 equitibus
1664 3063 1972 3131 dignitatem
2005 3075 2057 3116 et

254 3137 580 3208 voluptatem
627 3143 918 3206 restituisse.
971 3155 1075 3206 quo
1123 3137 1286 3189 verbo
1322 3139 1483 3188 utitur
1519 3136 1680 3187 etiam
1716 3135 1946 3205 Vellejus
1983 3135 2054 3190 11.

256 3212 339 3263 32.
372 3209 491 3277 <ubi
516 3210 620 3261 vid.
647 3209 806 3276 lntt.).
877 3209 959 3261 Ex
985 3228 1090 3279 quo
1115 3210 1355 3277 colligere
1379 3209 1513 3271 licet,
1553 3209 1751 3276 equites
1777 3210 1888 3278 jam
1906 3210 2052 3261 anti-

248 3283 520 3350 quietibus
544 3276 869 3350 tempor-ibus
896 3280 1176 3351 separatim
1201 3290 1238 3333 3
1256 3281 1408 3351 plebe
1433 3248 1637 3333 sediffe:
1674 3280 1770 3333 nisi
1786 3279 1901 3348 quis
1924 3279 2050 3333 velit

245 3360 502 3427 restituere
528 3354 815 3423 intelligere
839 3361 1057 3424 praesta
1059 3376 1116 3420 e,
1138 3368 1197 3408 ut
1219 3352 1368 3425 saepe
1393 3354 1500 3408 est
1486 3373 1540 3406 ιιι
1563 3354 1777 3426 legibus,
1816 3372 1865 3407 ψ.
1883 3349 2051 3477 Gllgssl

1980 3442 2045 3475 0..
