2124 3640
247 138 353 189 654

236 287 293 346 se
319 290 387 332 ita
409 288 726 346 scripturum,
753 295 806 331 ut
825 288 1108 346 omnesfine

245 347 512 402 exceptione
549 351 700 400 legere
729 343 920 404 pqfft'nt,
965 350 1108 390 etium

247 404 360 446 Sica
395 412 438 445 et
463 404 705 457 Septimia.
765 407 929 448 Cetera
964 407 1012 447 in
1034 408 1106 446 ed.

248 462 446 504 Gruter-i
477 460 758 518 sequacibus
803 463 958 505 editur
997 459 1110 511 fillo,

245 533 344 559 non
373 516 501 560 vallo.

309 607 591 657 VANITAS.
622 615 792 659 dicitur
814 616 872 655 de
892 615 1108 657 omnibus

245 670 306 713 iis
338 672 501 720 rebus,
549 687 668 728 quae
706 673 880 714 habent
901 669 1108 727 speciem

245 729 464 775 inanem,
496 728 529 769 a
564 730 758 771 veritate
779 729 1010 776 alienum,
1041 736 1106 776 ut,

247 788 307 826 de
347 786 604 826 mendacio.
682 783 775 827 Off.
810 785 845 826 Ι.
863 785 950 828 42.
992 785 1104 828 nihil

246 841 501 901 proficiunt,
532 840 610 884 nisi
631 841 869 899 admodum
890 842 1107 884 mentian-

244 908 332 947 tur,
362 915 443 941 nec
466 914 566 940 vero
590 899 649 941 est
666 899 838 956 turpius
862 897 1106 957 quicquam

243 957 467 999 vanitate.
494 980 507 987 -
530 980 544 987 -
582 964 829 998 mercatura
863 980 878 988 ·
901 981 914 988 -
951 956 1104 998 multis

245 1012 334 1056 fine
359 1014 566 1055 vanitate
587 1013 857 1072 impertiens.
903 1010 998 1055 Off.
1023 1012 1106 1055 111.

246 1070 316 1114 14.
350 1069 467 1127 quod
491 1067 814 1128 sivituperandi
837 1068 936 1112 sunt
957 1069 999 1119 ii,
1027 1069 1106 1128 qui

245 1128 545 1178 reticuerunt;
582 1127 689 1186 quid
721 1127 773 1169 de
795 1126 845 1177 iis
869 1126 1108 1170 existiman-

195 1182 198 1185 *
243 1183 354 1226 dum
388 1183 470 1232 est,
501 1184 580 1241 qui
615 1183 824 1227 orationis
849 1186 1107 1227 vanitatem

243 1241 573 1284 adhibuerunt?
658 1245 718 1284 de
779 1237 1108 1299 affentatione:

238 1298 361 1347 Lael-
385 1299 458 1343 25.
495 1297 626 1341 multi
649 1307 795 1341 autem
817 1297 1107 1342 Gnathonum

243 1353 432 1405 fimiles,
487 1371 592 1399 curn
626 1353 710 1400 fint
740 1355 863 1405 loeo,
914 1355 1105 1404 fortuna,

242 1413 359 1456 sarna
391 1412 440 1456 [u
477 1412 665 1456 eriores:
695 1412 859 1456 horum
890 1411 950 1456 est
971 1411 1106 1456 assen-

243 1469 350 1513 tatio
374 1429 568 1518 moiesta,
587 1486 692 1513 cum
704 1470 756 1514 ad
771 1471 1027 1513 vanitatem
1037 1486 1106 1513 ac·

242 1525 362 1571 cessit
394 1527 646 1571 auctoritas.
678 1531 738 1573 de
761 1543 948 1571 errore:
970 1527 1101 1571 Tul'c.

243 1584 387 1629 111.1.
418 1584 477 1628 ita
510 1584 640 1627 variis
674 1585 922 1628 imbuimur
946 1585 1103 1628 errori-

240 1641 341 1691 bus,
365 1646 423 1683 'ut
447 1643 650 1684 vanitati
667 1643 838 1692 veritas,
867 1651 910 1684 et
933 1641 1103 1699 opinio·

238 1698 289 1742 ni
311 1699 593 1743 confirmatae
613 1708 772 1743 natura
795 1698 887 1759 ipsa
910 1700 1044 1742 cedat.

295 1780 522 1826 VANUS.
550 1786 778 1829 mendax.
818 1781 974 1837 Quint.
997 1783 1037 1827 6.
1069 1777 1103 1823 fi

235 1839 433 1882 veritate
456 1838 658 1888 amicitia,
686 1839 770 1881 fide
793 1839 987 1888 societas,
1015 1838 1103 1896 pie·

240 1903 326 1938 tate
348 1896 686 1963 propinquitas,
716 1895 904 1948 colitur3
935 1893 1102 1938 neeesse

239 1953 323 2002 est,
357 1953 435 2011 qui
457 1969 668 2003 amicum,
696 1952 878 2002 socium,
909 1953 1101 2001 affinem,

238 2009 357 2053 fama
385 2025 436 2054 ac
468 2010 660 2053 fortunis
693 2010 880 2070 spoliare
917 2017 1100 2053 conatus

235 2065 319 2117 est,
366 2083 542 2109 vanum
580 2066 624 2112 se
663 2075 706 2110 et
745 2066 1030 2126 perfidiosum
1060 2074 1103 2110 et

237 2123 432 2182 impium
462 2124 664 2167 fateatur.

292 2205 728 2250 VAPORARIUM.
786 2204 848 2266 est
874 2209 1102 2262 Iiypocau-

224 2262 381 2324 stum,
413 2261 456 2321 s.
483 2264 701 2319 fornax,
755 2262 805 2307 in
845 2280 940 2320 qua
976 2266 1101 2319 ignis

237 2337 393 2377 aquae
434 2321 779 2376 calefaciendae
820 2323 870 2363 in
918 2322 1100 2366 balneis

220 2378 536 2436 succenditur.
578 2378 631 2421 ad
666 2379 723 2434 Q.
745 2379 819 2420 Fr.
843 2377 926 2421 III.
950 2381 992 2423 1:
1020 2395 1097 2422 va·

231 2438 505 2492 porarium,
543 2451 592 2477 ex
621 2451 712 2494 quo
741 2435 855 2492 ignis
884 2436 1094 2495 erumpit.

234 2495 327 2537 vid.
353 2491 614 2535 Pln'lander
644 2495 711 2536 ad
737 2493 786 2535 V
781 2494 918 2536 itruv.
947 2494 1005 2536 V.
1023 2497 1094 2538 10.
1134 2504 1135 2510 ¹

233 2549 330 2593 Sed
341 2550 552 2604 Scaliger
565 2553 630 2591 ad
643 2551 813 2593 Catuli.
838 2550 927 2606 Ep.
939 2553 981 2596 6.
1000 2566 1099 2595 ver·

234 2608 322 2648 ba.-
373 2623 420 2649 ex
461 2623 552 2666 quo
592 2607 704 2665 ignis
746 2607 969 2665 erumpit,
1003 2623 1096 2663 pro

232 2660 495 2720 glqffemate
516 2666 680 2715 habet,
706 2672 751 2706 et
774 2672 924 2707 totum
944 2668 1097 2708 Iocum

233 2723 376 2764 aliter
395 2720 636 2778 constituit.

288 2802 573 2852 VARIARE.
596 2819 781 2852 ornare,
797 2785 1106 2861 distinguer-2

233 2859 390 2904 Or.11.
413 2861 454 2904 9.
484 2861 668 2903 oratoris
692 2860 765 2911 est,
789 2861 982 2904 formare
1000 2864 1093 2904 ora'-
1147 2857 1346 2919 finsus,
1397 2861 1480 2918 qui
1510 2857 1572 2916 eft
1603 2859 1729 2903 Orat.
1765 2860 1836 2905 30.
1879 2875 2018 2917 eaque
2081 2879 2111 2893 ·

232 2918 425 2966 tionem,
454 2932 639 2975 eamque
663 2920 854 2960 variare
877 2928 918 2961 et
945 2918 1091 2962 distin-

264 2989 389 3022 uere,
421 2972 540 3031 quali
563 2975 826 3032 quibusdam
851 2975 1090 3019 verborum

230 2989 635 3089 iententiarumque
670 3029 920 3087 infignibus.
981 3034 1088 3075 ibid.

230 3088 314 3130 111.
339 3090 410 3133 26.
438 3089 628 3131 variare
661 3089 902 3131 orationem
925 3087 1089 3133 senten-

231 3145 315 3188 tiis.
375 3144 463 3187 *ad
489 3144 546 3199 Q.
570 3145 645 3187 Fr.
669 3145 704 3188 I.
721 3149 761 3190 1.
791 3144 987 3188 severitas
1011 3164 1090 3189 va·

230 3204 390 3245 riatur
424 3203 581 3260 gratia:
621 3201 663 3245 h.
699 3219 736 3245 e.
768 3205 926 3256 gratia
949 3202 1086 3258 facit,

232 3267 285 3300 ut
309 3262 358 3301 in
381 3263 670 3302 decernendo
694 3261 895 3304 Praetor
916 3275 1087 3316 aequa-

226 3318 456 3358 bilitatem
480 3317 674 3374 deserat.
705 3334 748 3360 υ.
765 3317 955 3366 Varius,
987 3318 1038 3360 V
1030 3334 1086 3360 a-

228 3375 391 3418 rietas.
434 3375 627 3420 'Milon-
653 3377 696 3422 3.
725 3377 924 3419 variatas
946 3374 1084 3420 homi-

947 135 1327 217 lmnssx

1112 1742 1113 1746 Ἰ
1158 1690 1346 1750 fientes
1368 1692 1418 1733 in
1437 1691 1664 1738 cruribus,
1680 1689 1770 1747 sed
1793 1691 2030 1737 interdum
2106 1700 2117 1715 ³

1151 3096 1211 3132 'm
1237 3097 1430 3133 'oratore
1461 3087 1791 3137 commendat,'
1814 3086 1875 3146 est
1898 3096 2016 3143 apta
2082 3083 2092 3122 ἕ

1166 294 1292 338 ⁴nu'rn
1315 293 1574 346 sententiis,
1619 313 1712 353 pro
1742 296 2038 342 variantibus:

1180 355 1392 396 homines
1419 356 1543 396 enim
1566 353 1832 413 sententias
1867 363 1911 401 ec
1930 354 2040 410 suf-

1167 409 1342 466 fragia
1363 412 1587 453 dicuntur
1609 411 1788 459 variare,
1817 427 1922 453 cum
1944 426 2038 452 non

1171 467 1232 507 -in
1255 471 1452 509 eandem
1465 469 1584 525 sunt
1601 476 1805 522 partem.
1840 468 1917 510 Sic
1939 468 2037 509 Liv.
2084 489 2088 494 ·

1178 522 1340 573 XXX
1337 525 1480 571 [7:31.
1511 524 1590 567 sub
1605 523 1719 569 hane
1730 539 1881 567 vocem
1894 523 2040 566 fremi-
2073 541 2078 547 ⁸

1172 587 1253 622 -tus
1304 581 1607 625 multitudinis
1657 583 1893 625 variantis
1941 579 2040 628 fuit,

1180 636 1343 694 partim
1373 638 1608 687 assensum,
1646 638 1810 698 partim
1843 638 2042 693 indigna-

1179 694 1356 736 tionem.
1396 699 1463 739 ad
1495 711 1633 753 quem
1665 699 1818 738 locum
1847 712 1888 737 υ.
1912 696 2042 737 Gro-
2085 724 2095 746 4

1177 765 1284 793 nov.
1328 753 1445 798 ibid.
1471 751 1507 794 I.
1529 753 1601 798 43.
1631 754 1799 811 equites
1822 752 2041 794 vocaban-
2091 765 2095 806 j

1179 815 1255 851 tur
1293 808 1450 866 primi,
1487 810 1707 868 octoginta
1739 809 1840 851 inde
1871 807 2039 866 primae
2079 812 2097 849 ”a

1179 863 1319 908 claffis
1360 866 1596 912 centuriae.
1638 867 1701 910 ihi
1742 864 1776 909 fi
1814 868 2039 934 varifzress
2094 875 2095 878 ’

1176 922 1300 978 quod
1340 939 1441 966 raro
1470 923 1708 973 incidebat,
1748 931 1798 965 ut
1825 922 2038 966 secundae

1179 977 1319 1022 classis
1341 989 1626 1028 vocarentur,
1667 982 1751 1023 int.
1763 979 2038 1038 suffragiis,
2099 1021 2102 1024 ,

1178 1043 1231 1078 αι
1262 1036 1407 1079 ΧΧΙΙ.
1448 1040 1518 1082 60.
1558 1036 1623 1079 ibi
1664 1051 1769 1079 cum
1789 1037 2039 1094 sententiis
2093 1059 2099 1063 ν

1175 1096 1461 1148 variaretur.
1517 1093 1758 1137 Dicuntur
1778 1093 2038 1150 etiamsen-

1175 1151 1349 1193 tentiae
1370 1152 1555 1195 variari
1575 1154 1745 1205 aliqua
1762 1165 1828 1201 re,
1856 1158 1944 1193 aut
1958 1163 2038 1193 res

1175 1210 1368 1250 variare
1399 1207 1687 1266 sentencias,
1741 1215 1795 1249 ut
1829 1224 1908 1263 up.
1931 1208 2033 1250 Liv.
2092 1235 2094 1238 -

1175 1264 1249 1308 II.
1283 1267 1354 1310 57.
1385 1279 1489 1309 cum
1512 1265 1647 1308 timor
1675 1272 1807 1322 atque
1839 1265 1905 1309 ira
1927 1263 2036 1307 invi-

1179 1336 1275 1365 cem
1288 1316 1516 1366 sententias
1536 1319 1801 1381 variaffent.
1828 1323 1925 1366 Sed
1946 1321 2036 1364 sen·

1177 1380 1337 1422 tentiae
1383 1381 1569 1423 variatae
1605 1393 1699 1436 pro
1741 1378 1884 1424 variae
1926 1379 2034 1428 dici,

1175 1437 1452 1494 inusitatum
1483 1435 1570 1494 est,
1608 1437 1694 1480 ubi
1718 1439 1857 1480 nulla
1872 1437 1939 1492 fit
1961 1436 2036 1480 rei
2093 1485 2096 1490 Ι

1174 1496 1378 1546 mentio,
1425 1509 1549 1551 quae
1589 1507 1672 1537 eas
1716 1494 1893 1537 varias
1917 1493 2034 1551 effe-⁴

1171 1552 1301 1594 cerit.
1984 1562 1989 1566 '

1231 1631 1513 1680 VARICES.
1527 1629 1650 1689 sunt
1670 1647 1818 1676 venae
1839 1633 2032 1675 intume·
2104 1604 2106 1606 -

1172 1756 1333 1791 tamen
1364 1748 1507 1790 etiam
1538 1747 1588 1789 in
1624 1755 1810 1797 ventre;
1838 1750 1896 1788 de
1919 1762 2031 1802 qua·
2095 1761 2124 1800 a'

1169 1821 1283 1850 rum
1305 1805 1545 1848 curatione
1568 1819 1609 1845 v.
1626 1802 1808 1861 Celsum
1829 1803 1944 1846 VII.
1959 1805 2031 1850 31.
2101 1801 2124 1835 ³⁴*

1167 1861 1306 1915 Tusc.
1334 1861 1392 1903 Π.
1419 1863 1488 1906 15.
1526 1862 1706 1904 varices
1727 1860 1884 1905 secare.

1225 1931 1434 1975 ›VAR1E.
1458 1929 1648 1990 copiose,
1671 1938 1851 1974 ornate.
1883 1930 1966 1974 Or.
1991 1930 2030 1974 I.

1174 1991 1245 2035 13.
1274 1990 1404 2032 varie
1425 1990 1588 2031 dicere.
1634 1989 1718 2030 *in
1736 1989 1854 2046 foro
1885 2004 2031 2045 oppo-
2099 2021 2102 2031 2

1170 2048 1304 2090 nitur
1340 2049 1407 2103 τῷ·
1440 2043 1753 2105 aequabiliter.·
1795 2044 1924 2087 Verr.
1948 2044 2030 2087 IV.

1172 2105 1244 2150 65.
1283 2105 1414 2147 varie
1447 2103 1692 2147 decernere.
1749 2103 1933 2146 'variz's
1950 2140 1952 2144 ,
1969 2105 2029 2144 de
2097 2124 2106 2157 2⁴

1170 2162 1337 2220 caufis.
1378 2158 1500 2204 Coel.
1523 2163 1567 2206 2.
1596 2159 1727 2204 varic
1746 2159 1943 2216 objectus
1966 2159 2028 2204 est

1169 2227 1309 2279 pater.
1338 2215 1340 2220 ’
1396 2224 1397 2227 ’
2102 2240 2124 2289 *i

1226 2285 1549 2331 VARIETAS.
1590 2287 1689 2331 Fin.
1712 2286 1772 2330 II.
1807 2288 1850 2334 3.
1883 2289 2031 2331 varie·
2094 2282 2124 2332 ,³⁴2

1168 2353 1246 2390 tas
1275 2345 1457 2411 Rroprie
1490 2344 1670 2411 quidem
1704 2343 1753 2388 in
1770 2344 2023 2403 disparibus

1168 2403 1392 2449 coloribus
1432 2400 1618 2452 dicitur,
1661 2401 1734 2446 sed
1765 2402 2026 2445 transfertur

1167 2460 1216 2505 in
1254 2459 1395 2504 multa
1424 2458 1627 2519 disparia.
1681 2453 1848 2514 *cdpici
1876 2460 2025 2502 inui-
2101 2447 2124 2503 i

1165 2521 1324 2562 cendo.
1395 2515 1479 2560 Or.
1513 2516 1549 2559 Ι.
1585 2517 1654 2560 12.
1695 2515 1773 2573 qui
1806 2515 2022 2560 discernes

1167 2589 1348 2625 eorum,
1380 2590 1493 2632 quos
1515 2571 1752 2621 nominavi,
1780 2573 2021 2617 ubertatem

1166 2633 1216 2676 in
1250 2631 1432 2677 dicendo
1464 2640 1507 2674 et
1537 2629 1735 2687 copiam,
1771 2630 1826 2673 ab
1864 2646 2020 2674 eorum
2090 2640 2124 2683 33,

1168 2690 1376 2737 exilitate,
1427 2687 1504 2747 qui
1544 2686 1626 2729 hae
1664 2688 1853 2730 dicendi
1879 2690 2024 2730 varie-
2079 2684 2112 2705 ’“”

1165 2755 1262 2790 tate
1283 2753 1325 2788 et
1345 2743 1550 2804 elegantia
1571 2760 1663 2786 non
1687 2750 1890 2788 utuntur.
1926 2746 2024 2788 Sed
2042 2763 2044 2768 ’
2102 2762 2108 2799 ';

1162 2805 1384 2860 inprimis
1433 2801 1495 2862 eft
1541 2805 1771 2845 tenendus
1818 2803 1859 2846 is
1894 2805 2024 2848 verbi
2086 2799 2119 2850 ,ἦ

1160 2916 1276 2961 hanc
1303 2916 1442 2978 ipsam
1470 2916 1654 2966 habent,
1694 2918 1830 2974 quam
1859 2920 2018 2976 prob0‚
2100 2955 2113 2960 .,

1159 2976 1450 3020 varietatem.
1533 2975 1666 3016 Nam
1715 2975 1895 3016 varietas
1945 2989 2017 3023 ea,
2091 2982 2106 2996 “

1157 3043 1306 3101 ‘quam
1339 3034 1495 3082 Cicero
1519 3033 1774 3089 probabat,
1804 3040 1848 3074 et
1872 3047 2015 3087 quam

1159 3149 1370 3189 omnium
1406 3149 1551 3190 trium
1581 3147 1768 3189 dicendi
1789 3160 2015 3199 generum
2080 3167 2102 3203 g

1159 3204 1283 3246 incer
1294 3204 1351 3261 fi'
1368 3202 1617 3262 permistio,
1647 3219 1751 3246 cum
1773 3205 1822 3245 in
1846 3206 2011 3245 eadem
2084 3234 2086 3238 ‚

1158 3263 1370 3304 oratione
1383 3278 1402 3311 ,*
1430 3269 1482 3303 ut
1491 3262 1639 3326 saepe
1651 3261 1874 3317 flt-apud·
1897 3261 2012 3302 Cice-
2088 3300 2089 3304 ,

1154 3333 1334 3371 -ronem,
1352 3315 1496 3377 poffi's'
1510 3319 1670 3362 tenuia
1687 3319 1900 3365 tenuiter,
1923 3332 2012 3358 mc·
2079 3318 2083 3347 ἰ

1155 3378 1337 3422 diocria
1376 3383 1653 3431 temperate,
1712 3383 1758 3418 et
1782 3371 2011 3440 sublimia}
2074 3425 2083 3443 Ρ

1835 3446 2014 3485 Inagnl*
2112 3455 2123 3477 ‚J
