2124 3640
252 171 360 224 608

252 325 447 372 divitiis,
477 335 642 366 venere
657 319 961 378 florentibus.
990 319 1109 364 Lael.

255 389 299 431 G.
329 383 460 426 secun
493 395 538 423 as
560 396 628 422 res
635 379 984 435 splendidiores
1006 379 1110 421 facit

253 440 461 486 amicitia.
547 437 670 480 Coei.
703 440 746 481 2.
788 445 912 496 pater
947 452 1108 494 parum

235 498 538 559 Jplendidus.
597 493 796 536 Vernll.
821 496 892 538 28.
907 491 1119 549 splendi-

246 559 379 603 ·duse
416 568 503 594 ues.
536 551 805 600 'excellens,
835 552 969 605 cujus
991 551 1118 593 viset

150 648 163 659 .
237 606 370 672 ίργαε
389 611 543 651 tantia
558 602 680 664 ferit
710 611 866 650 oculos
889 608 1112 650 omnium.

255 669 352 713 Off.
376 666 458 710 ΙΙΙ.
483 668 523 710 5.
550 660 976 722 [ρῖεηάίάζῃῖηιαηι
998 664 1112 721 inge·

251 727 395 771 nium.
453 723 700 766 *ornatum
728 722 853 764 Brut.
867 724 939 765 20.
955 718 1115 777 splen-

250 784 410 826 didior
440 778 708 824 consuetudo
732 777 954 836 loquendi.
983 778 1110 822 Brut.

252 842 323 885 55.
369 836 538 880 dicendi
564 839 720 893 'genus
740 833 1040 892 splendidius
1071 845 1114 878 et

250 893 614 954 magnificentius.
645 891 908 951 *honestus
935 893 1035 946 Pin.
1052 892 1111 936 ΙΙ.

250 959 322 1001 21.
355 950 590 1010 disputatio
612 948 873 1006 splendida
903 959 947 992 et
979 958 1113 993 certa·

250 1028 355 1055 men
396 1007 642 1052 honestum.

237 1066 541 1128 splendidior
580 1062 706 1108 causa
745 1063 969 1106 nobilium
1007 1063 1109 1107 fuit.

248 1129 420 1174 wenc,
448 1125 575 1166 clare
590 1112 802 1186 sonqins,
830 1125 1044 1177 amplum
1066 1131 1112 1165 et

246 1186 449 1227 eundem
477 1189 637 1226 tamen
659 1177 1111 1237 jtwundumfimum

245 1243 440 1284 habens.
470 1236 597 1279 Brut.
619 1239 690 1280 55.
713 1251 791 1277 vox
813 1252 917 1278 cum
938 1252 1109 1294 magna,

245 1306 347 1341 tum
380 1293 520 1339 suavis
553 1302 595 1336 et
599 1293 883 1351 splendida,
914 1296 1110 1349 opponi-

246 1364 328 1398 tur
347 1353 507 1396 fuscae.
547 1351 630 1394 Or.
655 1349 724 1395 49.
742 1350 1013 1408 splendidis
1033 1368 1107 1394 no·

245 1411 443 1456 minibus
466 1408 748 1460 illuminatus
768 1408 828 1450 est
844 1407 1002 1457 versus,
1034 1408 1106 1452 sed

244 1469 475 1527 proximus
498 1461 781 1524 inquinatus,
810 1463 1103 1509 insuavissima

239 1515 368 1570 litera
387 1524 563 1567 'finitus.
621 1523 916 1581 D‘efingulis
931 1526 1110 1577 generi·

243 1587 333 1627 bus
356 1583 413 1639 cf.
443 1582 695 1635 Splendor.

300 1637 640 1684 SPLENDOR.
674 1638 870 1682 claritas
880 1635 1107 1695 cumsua-

238 1701 385 1742 vitate
419 1697 560 1753 efficit
590 1694 890 1753 splendorem*
909 1697 956 1739 in
981 1711 1103 1739 voce.

238 1757 366 1799 Brut.
395 1757 464 1799 68.
490 1753 562 1809 fic
589 1752 651 1810 est
683 1754 826 1795 etiam
848 1755 1106 1808 capiendus

237 1812 443 1873 splendor
457 1810 695 1852 verborum
709 1809 833 1852 Orat.
847 1812 917 1854 49.
936 1824 1104 1863 nempe

237 1875 298 1914 de
332 1870 484 1912 verbis
513 1870 670 1922 ample
692 1865 999 1923 suaviterque
1018 1866 1104 1924 so-

236 1928 477 1972 nantibus.
518 1925 602 1966 ⁴'in
636 1926 850 1966 oratione
881 1924 1100 1983 splendor,

235 1984 301 2044 est
324 1991 525 2026 ornatus
545 1983 595 2024 in
619 1983 887 2024 elocutione.
916 1982 999 2024 Or.
1018 1980 1100 2024 III.

235 2046 307 2090 31.
329 2043 398 2088 36.
443 2040 537 2082 Inv.
564 2038 600 2080 I.
617 2041 685 2083 18.
726 2038 952 2081 exordium
975 2038 1101 2080 debet

235 2100 395 2144 habere
405 2095 682 2155 splendoris
711 2103 753 2137 et
786 2095 1023 2138 festivitatis
1057 2102 1100 2137 et

235 2153 613 2202 concinnitudinis
638 2152 890 2196 minimum.
924 2152 1102 2209 'splen-

235 2221 327 2259 dor
364 2212 590 2260 hominis,
635 2211 787 2268 exiliit
827 2227 889 2253 ex
925 2213 1098 2264 gratia,

233 2273 498 2317 amicorum
522 2270 810 2320 potentium,
846 2269 1095 2316 clientium,

233 2333 563 2374 deductorum,
589 2325 918 2382 salutatorum
945 2326 1094 2380 eopia.

231 2391 326 2433 Att.
372 2385 458 2428 ‘IV.
503 2386 543 2427 1.
633 2386 838 2438 plendor
893 2380 1096 2439 forensis.

234 2444 392 2500 Quint.
437 2444 510 2487 22.
595 2443 799 2497 plendor
854 2448 896 2483 et
943 2438 1093 2498 gratia.

229 2501 360 2544 Brut.
389 2502 460 2544 48.
493 2497 603 2541 vitae
617 2496 863 2554 splendor.
906 2498 1097 2540 *omnis

226 2558 459 2613 dignitas,
486 2570 608 2613 quae
636 2570 699 2598 ex
726 2569 1017 2612 quacumque
1039 2570 1094 2598 re

231 2615 407 2674 existit,
449 2614 669 2668 inprimis
703 2627 766 2655 ex
804 2614 999 2662 virtute,
1039 2620 1094 2654 ut

232 2675 284 2717 in
318 2673 420 2716 his:
458 2670 512 2713 ad
546 2670 649 2713 Div.
686 2669 723 2712 I.
750 2671 792 2714 7.
833 2679 880 2712 ut
903 2685 975 2712 eos
1000 2685 1093 2713 non

230 2739 322 2774 tam
365 2727 605 2772 constantia
634 2728 682 2770 in
718 2743 814 2785 rep.
847 2725 996 2770 nostra
1023 2726 1092 2769 de-

231 2788 381 2837 lectet,
438 2801 573 2841 quam
607 2783 842 2840 splendor
881 2783 1089 2827 offendat.

226 2843 380 2888 Plane.
407 2845 476 2886 12.
505 2840 628 2883 hunc
655 2850 705 2883 tu
737 2842 843 2884 vitae
864 2840 1093 2898 splendo-

229 2917 332 2946 rem
353 2897 537 2942 maculis
552 2897 782 2955 adspergis.
818 2899 993 2942 Cluent.
1019 2901 1088 2942 16.

210 2959 447 3017 splendor
486 2954 652 2997 munici
692 2971 791 3006 um,
847 2957 1093 2997 hominum

210 3016 280 3075 sc.
305 3012 616 3072 honestorum.
649 2971 775 3055 leiosc.
804 3012 854 3055 C.
875 3016 915 3057 5.
932 3010 1093 3068 splen·

225 3077 316 3116 dor
336 3067 657 3115 advocationis:
682 3072 741 3110 de
765 3069 894 3127 eaest
910 3070 1000 3125 Lig.
1016 3073 1087 3113 11.

223 3130 398 3174 videsne
427 3129 548 3171 hunc
563 3123 879 3182 splendorem,
906 3124 974 3182 se.
995 3130 1085 3168 ad-

218 3196 504 3230 vocatorum.
546 3183 805 3238 *proprius
830 3193 990 3225 autem
1020 3182 1082 3241 est

220 3244 427 3303 splendor
456 3243 688 3299 equitum,
736 3243 861 3283 unde
886 3242 1082 3295 proprie

160 3324 164 3327 ·
219 3300 460 3358 splendidi,
507 3307 559 3340 ut
599 3300 658 3338 de
694 3300 829 3353 plebe
858 3299 1083 3346 homines,

218 3358 383 3401 honesti
407 3359 639 3403 dicuntur,
668 3363 712 3397 et
724 3356 1082 3398 Senatuiaucto-

215 3416 320 3460 ritas
360 3416 598 3459 tribuitur.
682 3412 814 3457 Rosc.
858 3412 962 3455 Am.
1006 3414 1079 3457 48.

730 1006 859 1050 Rosc.
900 1007 1003 1051 Am.
1034 1009 1109 1051 49.
1120 1030 1129 1037 2

953 165 1336 222 INDEX

1168 322 1403 382 ſjaelendor
1424 324 1636 383 equester.
1666 325 1778 369 Sext.
1803 327 1874 371 65.
1902 328 2047 371 ancto-

1184 382 1356 424 ritatem
1395 382 1580 425 Senatus
1605 381 1865 440 splendore
1903 385 2045 443 proxi·

1183 454 1362 480 morum
1385 439 1594 481 ordinum
1617 441 1883 483 confirmari.
1909 442 1964 483 cf.
1991 441 2046 484 ad

1184 494 1286 538 Div.
1315 495 1351 538 Ι.
1377 498 1417 541 3.
1455 506 1534 539 etc.
1597 497 1689 539 *de
1719 500 2047 549 magnitudine

1183 553 1348 594 animi.
1378 553 1504 595 Brut.
1520 556 1592 598 77.
1621 553 2013 610 animisolendor.

1239 608 1604 663 SPONDALIA.
1645 610 1728 654 Or.
1753 611 1814 653 ΙΙ.
1838 614 1909 657 46.
1940 628 2045 655 cum

1185 679 1235 723 ex
1263 666 1447 724 persona
1475 666 1702 711 histrionis
1745 668 2048 712 oculi-ardere

1185 722 1461 773 viderentur,
1495 721 1762 782 spondalia
1797 725 1873 768 illa
1903 726 2047 770 dicen·

1169 779 1253 830 tis,
1276 789 1356 825 etc.
1397 781 1800 839 spondaliaeerant
1818 787 2046 833 carmina,

1184 852 1307 893 quae
1341 839 1464 882 inter
1483 839 1721 896 sacrificia
1740 842 1960 884 adhiberi
1972 841 2049 896 [ὸ-
2099 893 2103 901 1

1183 897 1366 945 lebant,
1410 898 1636 939 adhibitis
1675 899 1818 940 etiam
1858 899 2049 940 tibicini-

1183 953 1289 1000 bus,
1329 967 1388 995 ne
1399 951 1684 1010 sacrificans
1710 957 1894 1011 aliq1u‘d
1919 959 2047 998 male

1181 1010 1445 1052 ominatum
1467 1011 1637 1053 audire
1647 1008 1803 1069 pqffet.
1859 1012 2047 1071 Consta·

1181 1068 1295 1110 bant
1315 1075 1476 1110 autem
1498 1069 1710 1110 maxime
1733 1084 1785 1110 eo
1803 1072 1935 1122 pede,
1966 1070 2051 1126 qui

1179 1124 1432 1180 spondeus
1461 1126 1522 1166 ab
1558 1127 1644 1167 illa
1663 1125 1767 1182 ipsa
1785 1139 1838 1167 re
1862 1128 2046 1176 dicitur,

1176 1170 1376 1237 proptbr
1385 1184 1682 1237 gravitatem.
1710 1181 1947 1240 Spondalia
1962 1199 2046 1225 au-

1179 1247 1274 1282 tem
1305 1237 1367 1299 est
1401 1242 1532 1282 lectio
1561 1239 1856 1283 Gruteriana
1870 1256 1885 1284 .·
1927 1234 2046 1284 Tur·
2121 1244 2124 1249 '

1177 1299 1325 1339 nebus
1349 1296 1380 1339 S
1414 1295 1613 1351 ondialia‚
1638 1295 1904 1353 Salmasius
1923 1305 2047 1340 recte
2118 1295 2124 1317 ⁴

1177 1353 1392 1412 Spondau
1413 1354 1452 1398 ia
1492 1355 1742 1408 legendum
1779 1355 1948 1412 censet,
1991 1362 2045 1397 ut
2104 1355 2124 1410 .—

1169 1411 1278 1465 jam
1296 1419 1512 1454 notatum
1533 1409 1665 1470 estin
1685 1410 1859 1458 Lexico
1876 1413 2042 1455 Fabri.
2121 1415 2123 1421 '

1177 1484 1218 1509 v.
1231 1469 1473 1511 Burman.
1483 1467 1580 1526 sec.
1606 1468 1742 1512 IIII.
1769 1469 2042 1513 Siculorum

1175 1524 1408 1569 Doruillii
1425 1543 1474 1580 p.
1502 1527 1603 1572 572.

1233 1580 1578 1642 SPONDERE.
1602 1583 1798 1638 proprie
1830 1581 1892 1640 ‘fi
1923 1582 2042 1627 dice-

1175 1655 1243 1690 re,
1274 1647 1328 1682 ut
1350 1655 1414 1682 ex
1435 1640 1763 1696 compositores
1790 1640 1950 1683 onde're
1974 1644 2043 1683 in·

1175 1697 1433 1751 telligitur:
1459 1698 1628 1741 deinde
1658 1699 1707 1740 in
1747 1693 2040 1753 tipulationi-

1174 1757 1261 1797 bus
1287 1754 1532 1811 fignificat
1562 1754 1836 1812 promittere.
1906 1755 2039 1798 Nam

1174 1812 1261 1866 qui
1275 1809 1557 1869 stipulatur,
1585 1812 1872 1865 interrogat:
1906 1812 2039 1870 spon·

1175 1868 1338 1911 desne?
1366 1884 1407 1910 v.
1433 1886 1470 1911 c.
1505 1870 1629 1911 lianc
1647 1871 1900 1925 pecuniam
1908 1870 2039 1926 Jblu-

1172 1933 1274 1968 tum
1287 1925 1352 1968 iri
1359 1940 1375 1974 ;
1398 1928 1522 1968 alter
1531 1924 1802 1983 respondet.-
1818 1925 2009 1984 spondeo
2022 1942 2035 1969 t

1171 1981 1216 2026 h.
1241 1998 1276 2024 e.
1302 1983 1547 2037 promitto.
1589 1981 1717 2027 Rose.
1746 1983 1872 2028 Com.
1896 1984 1936 2028 5.
1966 1983 2035 2027 sti·

1172 2037 1352 2098 pulatus
1391 2040 1469 2082 es?
1504 2038 1631 2082 nbi?
1671 2055 1762 2097 quo
1796 2039 1901 2082 die?

1171 2097 1402 2154 tempore?
1429 2112 1520 2155 quo
1541 2095 1792 2163 praesente?
1818 2096 1919 2156 quis
1956 2113 2038 2153 po·
2108 2102 2115 2148 J

1165 2149 1375 2211 pondffffe
1410 2170 1482 2196 me
1515 2153 1652 2197 d1eit?
1695 2170 1842 2197 nemo.
1903 2153 2034 2197 Verr.
2106 2152 2110 2198 ,’

1176 2210 1229 2252 V.
1263 2213 1335 2256 54.
1376 2219 1426 2266 ut
1465 2209 1704 2271 aliquando
1719 2210 1963 2268 spondere
1986 2211 2037 2255 se

1169 2266 1363 2312 diceret:
1394 2267 1463 2326 fix.
1504 2270 1568 2317 is,
1614 2270 1699 2326 qui
1725 2265 1877 2327 juffus
1917 2278 2037 2316 erac,

1167 2325 1271 2370 HS.
1298 2328 1482 2369 duobus
1508 2327 1716 2368 millibus
1729 2325 2033 2383 sponsionem

1153 2382 1325 2440 facere
1354 2399 1460 2426 eum
1487 2383 1669 2426 Lictore
1681 2381 1803 2439 suo,
1846 2385 1901 2426 ni
1914 2383 2035 2440 fur-

1164 2442 1229 2484 tis
1255 2439 1498 2500 quaestum
1513 2442 1714 2499 faceret.
1749 2456 1790 2484 v.
1815 2440 1858 2483 S
1886 2441 2029 2495 onfio.

1165 2495 1417 2557 *spondere
1458 2513 1542 2558 pro
1572 2497 1750 2557 aliquo,
1794 2457 2032 2555 estpfidem

1149 2553 1302 2614 suam
1337 2557 1636 2610 interponere
1663 2569 1758 2609 pro
1785 2555 1947 2611 aliquo
1979 2555 2030 2596 in

1163 2627 1219 2657 re
1243 2614 1535 2669 pecuniaria.
1590 2611 1722 2654 Nam
1736 2612 1789 2668 fi
1826 2613 1932 2668 quis
1952 2627 2030 2666 pe-

1162 2671 1352 2713 cuniam
1374 2677 1590 2713 mutuam
1604 2670 1805 2723 petebat,
1831 2671 1908 2711 cui
1926 2676 2029 2711 tuto

1163 2729 1294 2770 credi
1322 2741 1427 2770 non·
1447 2722 1571 2784 pqffe
1602 2727 1870 2773 videbatur,
1905 2734 2030 2781 pete-

1163 2786 1247 2827 bat
1282 2785 1484 2827 creditor
1526 2785 1586 2824 ab
1615 2783 1700 2831 eo?
1739 2791 1791 2824 ut
1817 2785 2027 2840 aliquem

1161 2845 1323 2890 dar-et,
1351 2842 1436 2898 qui
1451 2837 1667 2897 solutum
1698 2842 2027 2895 iri-promitte·
2078 2835 2102 2886 ,’

1163 2907 1264 2942 ret:
1289 2897 1330 2940 h.
1357 2914 1394 2940 e.
1420 2897 1664 2955 sponderet.
1723 2896 1931 2939 Att.X11.
1955 2899 2024 2942 15.
2080 2911 2103 2932 ὢ

1163 2954 1275 2999 scire
1297 2954 1429 2997 velim
1444 2987 1455 3004 ,
1499 2954 1676 3013 quando
1699 2953 1812 2998 dicat
1823 2952 2026 3011 spopon-

1161 3007 1283 3069 ἀψὲ,
1314 3021 1355 3053 et
1376 3028 1460 3071 pro
1485 3014 1623 3071 pa'tre,
1652 3027 1766 3053 anne
1794 3012 1876 3069 pro
1897 3011 2022 3053 filio?
2087 3021 2101 3064 '‚

1161 3070 1269 3112 ibid.
1287 3070 1352 3113 18.
1384 3084 1467 3127 pro
1493 3068 1732 3114 Cornificio
1758 3067 1918 3111 abhinc
1933 3084 2024 3111 am·
2092 3101 2100 3114 .

1124 3127 1275 3226 ,Elius
1310 3126 1437 3169 annis
1474 3125 1605 3168 XXV
1622 3123 1928 3192 spopondisti.
1969 3124 2024 3167 ad
2081 3130 2099 3135 ”

1194 3191 1279 3225 rut.
1316 3183 1402 3242 Ep.
1427 3185 1496 3228 18.
1539 3184 1676 3238 magis
1719 3187 1839 3224 'enlm
1874 3182 2019 3231 illum,

1151 3257 1236 3299 pro
1262 3240 1627 3297 quospopondi,
1655 3247 1793 3298 'quam
1814 3255 1885 3281 me
1909 3239 2018 3281 obli·
2047 3259 2050 3261 ’

1155 3297 1261 3355 gavi,
1289 3306 1369 3339 etc.
1426 3298 1503 3340 De
1538 3298 1674 3346 verbo
1705 3299 1790 3338 hoc
1810 3299 1954 3349 longa
1976 3303 2020 3337 et
2093 3308 2095 3323 ³

1151 3359 1289 3397 docta
1311 3357 1572 3407 disputatio
1595 3352 1657 3411 est
1668 3356 1802 3408 apud
1813 3353 2019 3411 Salmas.

1151 3412 1280 3457 Mod.
1317 3411 1448 3468 usur.
1479 3427 1522 3454 ι’.-
1543 3413 1614 3456 16.
2028 3415 2050 3430 ⁹
2090 3445 2094 3457 ,

1839 3466 2025 3511 SPON-
2085 3492 2091 3534 f

1975 2056 2035 2083 uo
