2144 3600
244 169 312 217 36
946 162 1320 214 INDEX

249 321 301 370 in
345 316 486 369 sacro
524 326 702 366 monte
739 316 847 367 lata
885 315 978 379 eft,
1023 333 1128 366 non
1162 318 1416 371 videntur.
1490 316 1711 386 Decepit
1732 317 1908 367 virum
1936 314 2037 366 do-

248 388 527 453 ctissimum
546 387 837 454 multosque
862 389 1019 450 alios,
1063 389 1204 456 quod
1232 387 1452 442 sacratas
1478 389 1671 457 leges··a
1693 388 2039 441 sacro'monte

250 464 379 526 dici,
426 473 476 512 et
513 460 684 510 nullas
730 473 1000 527 praeterea
1037 461 1168 513 alias
1207 475 1469 529 putarunt.
1542 461 1684 513 Mihi
1721 461 2039 528 antiquiores

252 534 348 584 hae
383 533 516 584 duae
552 532 689 598 leges
717 534 979 594 videntur,
1016 545 1066 584 et
1089 533 1220 585 sorte
1248 546 1337 586 aut
1363 537 1536 603 capita
1558 542 1681 602 legis
1710 536 1948 587 Valeriae
1976 532 2043 581 de

252 605 641 674 provocatione,
681 617 766 655 aut
795 618 975 655 tamen
1008 606 1076 656 ab
1100 606 1288 658 eodem
1314 606 1575 674 sigillatim
1600 607 1765 670 latae,
1803 622 1866 657 ac
1889 605 2047 654 dein-

251 678 313 729 de
348 679 405 728 in
440 675 548 727 Xll
598 675 765 730 Tabb.
803 677 1035 730 tralatae.
1111 677 1255 730 Nam
1295 678 1376 729 lex
1427 679 1492 731 de
1529 679 1900 747 provocatione
1936 672 2050 744 ipsa

251 750 318 799 est
355 749 580 811 sacrata,
619 761 677 799 ut
715 765 743 800 e
781 747 900 802 Liv.
938 749 1004 803 ll.
1042 754 1092 807 8.
1130 749 1457 817 intelligitur,
1502 763 1555 802 et
1589 750 1750 815 illud,
1787 750 1852 800 de
1877 750 2051 816 capite

250 823 402 885 civis,
441 819 628 872 diserte
662 821 732 872 ad
774 821 942 887 legem
978 821 1043 873 de
1078 826 1446 893 provocatione
1477 822 1698 875 refertur
1729 841 1762 874 a
1795 819 2047 900 Dionysio

250 892 320 944 L.
332 893 392 946 V.
417 912 466 961 p.
494 911 567 945 m.
593 893 714 945 334.
764 893 932 959 Leges
956 906 1138 948 autem
1164 896 1264 946 hae
1287 893 1512 947 sacratae
1541 896 1784 946 dicuntur
1805 905 2048 962 propter-

251 983 343 1030 ea,
397 974 523 1034 quod
574 979 722 1033 caput
769 975 898 1030 ejus,
947 973 1024 1034 qui
1064 984 1237 1021 contra
1271 973 1430 1031 fecit,
1492 975 1815 1035 consecratur.
1900 963 2046 1021 Haec

250 1040 394 1089 enim
439 1038 508 1089 est
544 1055 654 1090 una
691 1053 722 1088 e
757 1038 927 1088 'tribus
959 1038 1042 1089 vel
1077 1036 1280 1093 duabus
1320 1038 1690 1091 sacrandarum
1715 1036 2044 1090 sanctionum

249 1110 459 1174 formis,
497 1126 632 1178 quae
665 1109 810 1177 apud
845 1106 1158 1164 Ciceronem
1193 1130 1289 1181 pro
1316 1110 1464 1166 Balb.
1489 1132 1532 1164 e.
1564 1114 1642 1170 14.
1682 1123 1732 1163 et
1755 1112 1811 1161 in
1837 1106 2044 1160 Cornel.

248 1181 460 1249 Fragm.
521 1195 1036 1247 commemorantur,
1095 1185 1161 1236 de
1208 1184 1400 1251 quibus
1456 1183 1579 1234 vide
1638 1185 1942 1251 interpretes
1993 1193 2043 1232 et

249 1253 540 1306 Schwarzii
578 1251 789 1308 Dissert.
818 1254 883 1303 de
919 1255 1272 1307 Detestatione
1308 1256 1452 1310 Sacr.
1516 1255 1669 1307 -Nam
1705 1254 1839 1305 hanc
1874 1251 2044 1324 ipsam
2133 1261 2137 1266 '

245 1326 313 1375 ob
350 1324 564 1378 causam
602 1326 763 1378 etiam
801 1325 984 1380 Tribb.
1015 1328 1085 1397 pl.
1119 1326 1431 1380 sacrosancti
1454 1326 1604 1392 sunt,⁸
1634 1326 1778 1394 quod
1806 1327 1918 1393 ejus
1946 1343 2043 1376 ca-

246 1410 340 1467 put
388 1396 595 1449 sacrum
634 1398 728 1461 est,
789 1399 880 1466 qui
922 1417 1008 1450 eos
1042 1400 1285 1464 violavit,
1312 1411 1392 1454 -ut
1426 1417 1455 1451 e
1489 1399 1785 1452 Rabiriana
1823 1397 2044 1464 intelligi

241 1471 419 1540 potest.
459 1470 524 1522 ef.
550 1468 799 1522 Budaeus
829 1471 895 1520 ad
919 1471 1161 1524 Pandect.
1188 1492 1236 1540 p.
1262 1492 1333 1524 m.
1359 1469 1483 1525 334.
1555 1473 1740 1540 ltaque
1764 1471 1925 1522 etiam
1952 1470 2044 1520 illa

253 1547 465 1598 Valeria
500 1547 726 1594 Horatia
763 1559 844 1610 ap.
869 1541 987 1595 Liv.
1011 1543 1101 1598 111.
1127 1544 1213 1598 55.
1252 1543 1450 1596 sacrata
1474 1543 1554 1596 lex
1578 1545 1662 1597 est.
1730 1541 1882 1594 Nam
1914 1541 2043 1592 alias

231 1621 462 1683 sacratas
494 1621 659 1682 leges,
704 1627 909 1682 praeter
944 1632 1031 1668 eas
1067 1618 1325 1684 quinque,
1371 1634 1499 1684 quas
1522 1615 1768 1682 Sigonius
1791 1613 1946 1677 facit,
1984 1615 2042 1663 in

243 1701 426 1746 monte
463 1684 605 1738 sacro
644 1686 901 1755 perlatas,
951 1687 1131 1754 suifl'e,
1181 1706 1340 1739 nemo
1376 1705 1567 1755 negare
1595 1687 1786 1756 potest,
1822 1687 1916 1753 qui
1941 1684 2044 1737 Li-

243 1762 391 1812 vium
428 1771 622 1811 attente
660 1758 799 1829 legit.
838 1757 903 1812 L.
939 1759 1030 1813 111.
1068 1778 1108 1812 c.
1149 1763 1233 1813 32.
1271 1761 1562 1813 concedunt
1592 1759 1824 1829 patribus
1854 1756 2048 1828 plebeji
2112 1784 2134 1803 κ

245 1833 311 1885 de
336 1831 669 1885 Decemviris
685 1871 698 1894 ‚
731 1833 892 1883 modo
920 1854 982 1884 ne
1006 1839 1092 1885 lex
1117 1835 1262 1885 Icilia
1287 1841 1349 1884 de
1361 1837 1615 1886 Aventino
1640 1839 1860 1901 aliaeque
1875 1837 2045 1897 sacra·

244 1913 328 1958 kae
350 1911 485 1973 leges
507 1913 885 1972 abrogarentur.
959 1903 1039 1955 Ex
1063 1915 1169 1973 quo
1194 1906 1511 1972 intelligitur,
1549 1905 1711 1956 etiam
1736 1906 1934 1956 Icilium
1959 1902 2044 1956 sa-
2122 1907 2124 1910 ’

244 1989 444 2029 oratam
467 1974 628 2028 suiffe.
666 1974 730 2029 L.
763 1975 875 2029 VH.
905 1995 942 2031 c,
970 1979 1082 2030 41.:
1118 1982 1240 2031 Lex
1266 1988 1443 2047 quoq'ue
1455 1983 1661 2045 sacrata
1681 1982 1916 2028 militaris
1939 1983 2047 2029 lata

241 2055 344 2115 est,
382 2071 444 2100 ne
478 2056 613 2114 cujus
638 2055 811 2101 militis
824 2055 1008 2115 scripti
1033 2072 1238 2113 nomen,
1274 2057 1324 2101 ni
1345 2074 1360 2102 ι
1386 2057 1486 2118 ipso
1519 2056 1741 2112 volente,
1778 2053 2044 2103 deleretur.

242 2121 510 2174 Memorat
534 2121 679 2172 idem
709 2128 872 2188 legem
890 2128 1141 2188 sacratam
1173 2126 1474 2190 Volscorum,
1510 2118 1885 2175 Hetruscorutn
1910 2119 2048 2172 alio-

243 2211 468 2263 rumque
505 2193 856 2262 populorum,
901 2212 1009 2261 qua
1049 2195 1244 2246 milites
1284 2195 1599 2263 legebantur.
1647 2193 1753 2246 vid.
1786 2190 1849 2248 L.
1878 2193 1970 2247 [X.
2000 2213 2043 2250 c.

245 2270 358 2331 39„
392 2266 531 2317 unde
542 2270 734 2332 sacrati
760 2273 970 2329 milites,
1008 2267 1135 2318 ibid.
1170 2285 1212 2319 c.
1238 2270 1322 2321 40.
1399 2269 1457 2318 ln
1482 2267 1709 2319 eandem
1734 2261 2044 2320 sententiam

247 2339 580 2402 Perizonius,
617 2339 688 2402 'in
719 2337 1316 2403 Animadverfionibus,
1354 2338 1418 2391 de
1453 2339 1655 2406 legibus
1687 2333 1896 2389 sacratis
1931 2350 2046 2391 tra·
2124 2359 2126 2363 ·

247 2411 392 2462 didit.
465 2408 554 2462 Est
588 2410 728 2462 locus
761 2429 802 2462 c.
848 2416 926 2462 10.
967 2430 1017 2479 p.
1043 2410 1165 2465 418.
1239 2408 1486 2463 Ceterum
1516 2411 1656 2463 locus
1692 2408 1781 2460 ille
1811 2408 2044 2467 clasficus

247 2496 298 2534 et
333 2484 663 2551 praecipuus¹
684 2501 745 2534 ex
788 2482 1047 2534 Oratione
1075 2502 1170 2552 pro
1197 2481 1365 2534 Balbo
1399 2496 1449 2535 et
1472 2479 1789 2535 Corneliana
1815 2481 2049 2550 fugiebat

246 2568 360 2606 tum
407 2553 681 2606 summum
723 2556 927 2606 virum:
995 2555 1124 2606 item
1173 2555 1303 2607 alter
1345 2555 1435 2607 ille
1468 2555 1725 2607 Livianus
1770 2554 1836 2606 de
1870 2555 2046 2610 {acra-
2119 2567 2122 2570 ”

190 2659 193 2661 Δ
248 2640 301 2679 ta
337 2627 570 2690 militari.
662 2626 799 2678 Illud
837 2645 1005 2678 unum
1042 2627 1264 2691 addam,
1312 2633 1509 2696 Legem
1554 2630 1818 2681 Valeriam
1855 2631 2043 2684 eadem

250 2698 477 2751 formula
504 2697 717 2764 sanciri,
766 2716 872 2768 qua
909 2698 1105 2753 sacrata
1141 2700 1443 2764 tribunitia,
1487 2718 1573 2770 ap.
1608 2696 1827 2769 Dionys.
1860 2699 1924 2754 L.
1953 2702 2041 2760 VI.

250 2790 283 2841 p
423 2837 1842 2907 SCATINlAvelSCANTINIA,³(mireenim
1864 2845 1921 2896 in
1946 2843 2048 2898 hoc

253 2914 467 2968 nomine
510 2914 717 2965 variant
762 2911 928 2968 Codd.
975 2916 1079 2968 vid.
1128 2914 1332 2967 Ferrar.
1369 2914 1434 2965 ad
1476 2911 1608 2966 Phil.
1640 2914 1734 2968 111.
1761 2919 1833 2983 6.)
1869 2917 1973 2970 lata
2010 2935 2045 2972 a
2107 2967 2112 2971 .

258 2991 471 3043 Scatinio
497 2985 642 3038 Trib.
668 2985 734 3053 pl.
759 2984 820 3038 A.
850 2986 920 3043 U.
948 2987 1169 3042 dubium
1191 3006 1312 3056 quo,
1348 2993 1400 3037 in
1421 2992 1594 3038 molles
1609 3001 1660 3039 et
1676 2985 2044 3055 effoeminatos,

253 3066 330 3129 qui
369 3065 587 3124 nefanda
630 3061 828 3111 Venere
865 3075 1148 3125 uterentur,
1195 3060 1244 3113 h.
1275 3077 1317 3112 e.
1357 3070 1448 3110 aut
1471 3057 1564 3126 ipsl
1586 3059 1866 3114 muliebria
1891 3073 2044 3131 pate-

252 3144 453 3197 rentur,
490 3143 579 3184 aut
607 3132 780 3199 pueris
809 3133 919 3181 vim
947 3132 1203 3196 facerent,
1240 3130 1431 3200 quibus
1453 3148 1681 3198 poenam
1707 3133 1891 3185 decem
1912 3134 2045 3184 mil-

251 3203 382 3256 lium
417 3222 705 3256 numorum
733 3202 1008 3267 statuebam
1046 3222 1107 3256 ex
1139 3222 1243 3272 qua
1271 3203 1364 3255 fibi
1389 3204 1629 3254 inimicos
1657 3204 2040 3258 accusationem

250 3279 441 3328 minari
467 3275 638 3329 scribit
665 3271 875 3328 Coelius
901 3294 979 3342 ep.
1010 3281 1087 3331 13.
1123 3277 1185 3329 cf.
1214 3276 1346 3327 Phil.
1372 3275 1463 3328 lll.
1496 3280 1544 3328 6.
1619 3275 1701 3329 Ex
1730 3295 1793 3329 eo
1818 3278 1931 3328 loco
1952 3279 2042 3328 in-

247 3349 506 3417 telligitur,
544 3347 891 3415 legislatorem
915 3348 1197 3400 Aricinum
1222 3347 1382 3401 fuiffe.
1415 3348 1518 3399 vid.
1545 3348 1697 3418 plura
1720 3368 1802 3420 ap.
1819 3347 2037 3403 Gravin.

1860 3421 2042 3489 Origg.
2076 3486 2079 3490 ι
