2124 3640
194 120 300 173 590

252 264 627 314 SCRIPULUM.
668 268 758 312 Att.
786 264 862 310 IV.
890 268 958 312 16.
981 282 1059 309 ne-

193 323 887 440 ἔέ.“ἳιιῗῆῗ.’ἒῗιζο”ἱῖὲῖἷῗᾷἶιἓξὲξ
912 324 1059 438 Ἢοῗέ

187 439 460 500 ‘scriptulum
483 442 747 483 accuratius
771 441 965 486 dicitur,
995 436 1056 496 est

194 496 508 551 ducentesima
539 505 582 539 et
604 497 874 552 octogestma
894 505 1058 538 octaua

189 569 313 614 pars
334 555 496 602 librae,
513 553 556 611 s
578 562 753 610 quarta
781 561 825 595 et
849 551 1057 607 vicefima

141 611 145 616 ’
193 613 370 660 unciae,
394 626 513 666 quae
539 611 599 670 est
620 611 892 653 duodecima
907 612 1057 652 librae

187 683 324 728 pars.
379 666 457 709 De
483 666 713 725 scriptulo
761 685 800 710 υ.
850 667 1053 709 Gronov.

190 729 313 772 Sest.
330 723 414 767 IV.
429 726 496 772 13.
511 728 699 782 ejusque
695 725 851 780 fignis
865 733 907 766 et
918 726 1056 774 notis,

191 786 360 843 quibus
371 779 441 838 [ο.
467 784 770 836 exprimitur,
800 781 896 824 III.
926 783 995 825 15.

251 839 363 884 SCR
373 838 707 884 UPULOSUS.
737 836 867 881 Tusc.
886 838 966 881 IV.
984 835 1052 882 14.

178 897 470 957 firupulosts
494 896 708 940 cantibus.
739 895 987 954 Bentlejus
1010 903 1054 937 et

191 955 439 1010 Davffims,
473 957 703 1009 probante
725 954 956 1000 Bulierio,
985 967 1055 998 re·

186 1020 396 1072 ponunt:
427 1009 651 1067 serupofis.
712 1010 950 1053 Putabam
970 1011 1054 1052 ali-

189 1071 383 1128 quando
396 1067 662 1125 scopulosus,
679 1075 727 1110 ut
742 1069 790 1109 in
802 1068 966 1110 Caecil.
982 1070 1052 1111 11.

177 1127 269 1186 se‘d
293 1125 578 1183 scrupulosus
614 1134 658 1167 et
683 1122 919 1183 scruposas
951 1139 1053 1167 con-

177 1185 472 1244 funduntur,
496 1191 540 1224 et
561 1180 623 1241 est
643 1185 727 1226 hoc
747 1184 930 1225 melius.
959 1182 1051 1224 vid.

187 1239 351 1297 Heins.
376 1243 441 1282 ad
468 1239 628 1283 Valer.
651 1240 806 1283 Flacc.
832 1240 1020 1285 IL518.

243 1296 625 1343 SCRUPULUS.
652 1297 870 1354 quicquid
890 1300 1053 1340 animo

185 1353 429 1415 molestum
449 1353 509 1414 est
521 1362 565 1397 et
578 1368 664 1397 nos
677 1363 924 1412 tamquam
937 1356 1051 1398 urit.

186 1415 288 1459 Fin.
324 1406 403 1456 ΙΨ.
438 1415 511 1458 28.
538 1409 821 1468 scrupulum
856 1411 1059 1456 abeunti.

184 1470 276 1516 Att.
294 1469 349 1513 V.
366 1471 434 1516 13.
451 1467 735 1528 scrupulum
757 1485 850 1512 non
876 1470 1050 1527 ignoro.

187 1531 247 1572 ib.
272 1528 328 1570 X.
357 1529 425 1572 14.
468 1526 642 1570 odiosus
663 1526 934 1585 serupulus.
967 1535 1047 1570 etc.

185 1586 317 1630 Rosa.
342 1587 444 1629 Am.
461 1587 505 1629 2.
522 1582 806 1642 scrupulum
828 1601 875 1627 ex
897 1584 1047 1627 animo

186 1643 396 1687 evellere:
429 1643 458 1684 i.
486 1658 522 1683 e.
557 1643 789 1686 timorem.

242 1698 576 1745 SCULPTUS.
608 1697 835 1742 Acad.1V.
850 1699 921 1744 31.
952 1713 1048 1742 non

185 1774 210 1810 9
240 1757 334 1801 saxo
343 1755 583 1813 sculptus:
603 1756 694 1813 sed
715 1759 964 1810 legendum
985 1756 1047 1799 vi-

182 1819 324 1859 detur
348 1813 552 1871 scalptus.
583 1829 624 1855 υ.
649 1814 758 1856 Not.

240 1871 499 1915 SCURRA.
552 1869 622 1928 'est
656 1869 922 1926 parasitus,
959 1876 1047 1911 aut

179 1933 319 1974 homo
343 1927 614 1984 paraliticis
644 1929 886 1970 moribus?
920 1929 1046 1982 quod

179 2001 328 2043 genus
359 1987 628 2045 hominum,
645 1984 807 2043 studio
820 1985 1048 2039 placendi

179 2054 224 2088 et
246 2043 533 2091 delectandi,
550 2044 878 2096 ‚petulantibus
902 2050 945 2083 et
965 2043 1044 2083 ob-

165 2101 353 2162 scoenis
403 2101 608 2143 dicteriis
658 2101 829 2148 utitur,
894 2100 1042 2155 iisque

181 2162 326 2203 etiam
351 2159 399 2200 in
434 2171 516 2199 eas
538 2172 615 2201 res
635 2154 895 2215 graffatur,
921 2169 1042 2213 quas

178 2217 386 2262 reuereri
409 2218 658 2263 debebant,
699 2223 750 2257 ut
783 2215 832 2255 in
856 2214 1043 2267 religio-

177 2290 287 2318 nem
315 2281 359 2315 et
384 2272 516 2316 Deos
530 2305 541 2321 ,
578 2269 880 2330 magistratus
907 2271 1044 2313 inno-

176 2339 345 2380 centes,
372 2338 455 2372 etc.
502 2330 682 2373 Muren.
697 2332 739 2375 6.
756 2327 1043 2386 fiurrarum

97 2390 100 2391 ⁷
177 2388 443 2434 convicium.

233 2443 568 2491 SCURRILIS.
599 2443 680 2488 Or.
696 2441 755 2486 II.
778 2444 848 2488 60.
866 2439 1044 2499 fimrri-

174 2504 236 2546 lis
267 2501 483 2546 dicat-zitas.

184 2602 194 2613 χ
235 2558 514 2605 SCUTUM.
571 2555 704 2601 Tusc.
740 2554 798 2598 11.
821 2556 894 2601 28.
927 2554 1039 2610 abje-

177 2623 249 2663 cto
275 2615 410 2673 scuto
431 2615 585 2673 sugit..
615 2617 708 2658 Att.
730 2613 809 2655 XI.
836 2614 907 2657 29.
927 2612 1042 2671 J‘cu-

176 2682 279 2716 tum
302 2673 514 2728 abjicere,
537 2687 629 2728 pro
646 2703 656 2720 ,
683 2674 746 2714 ab
767 2672 917 2713 armis
940 2672 1040 2713 dis-

173 2734 348 2773 cedere.
405 2730 485 2773 Or.
510 2731 568 2773 11.
593 2731 663 2774 72.
696 2738 746 2771 ut
778 2744 872 2770 non
905 2726 1038 2770 modo

174 2804 281 2831 non*
301 2787 498 2839 abjecto,
540 2786 610 2829 [ed
645 2801 700 2827 ne
738 2788 910 2841 rejecto
942 2784 1042 2843 qui-

176 2846 277 2887 dem
300 2844 435 2902 scuto
459 2844 607 2901 fugere
631 2842 792 2884 videar.
852 2843 925 2884 Sc.
949 2841 1039 2897 su-

174 2905 352 2958 gientes
376 2903 578 2955 turpiter
588 2898 778 2956 scutum
801 2901 1039 2953 abjiciunt,

172 2958 408 3018 honestius
437 2965 596 3000 autem
631 2957 834 2999 retinent
845 2955 1038 3013 scutum

174 3025 220 3059 et
253 3015 354 3074 post
376 3026 560 3069 tergum
583 3014 822 3064 rejiciunt,
852 3029 911 3055 ne
932 3013 1038 3055 telis

165 3076 306 3130 petiti
327 3088 361 3116 a
388 3071 770 3130 persequentibus
793 3072 924 3112 laedi
936 3068 1039 3126 pos-

190 3139 277 3174 lnt.

155 3133 565 3233 sSCUTELLA.
624 3180 806 3227 Tuscul.
846 3181 929 3225 III.
963 3182 1032 3227 19.

157 3244 360 3302 fiutella
388 3242 635 3286 dulciculae
670 3239 877 3299 potionis.
909 3242 976 3282 ⁴h.
999 3242 1031 3282 l.

170 3299 254 3359 effe
271 3317 361 3357 pro
376 3305 556 3358 poculo,
569 3300 718 3356 facile
741 3298 1031 3351 intelligitur.

166 3361 412 3418 Significat
434 3359 575 3402 etiam
599 3360 794 3402 lancem.
824 3371 864 3398 v.
879 3357 938 3399 de
947 3357 1033 3399 hoc

897 112 1275 194 1Nnssx

1118 269 1266 317 verbo
1290 268 1475 325 Popma
1499 272 1566 313 a'd
1596 269 1759 313 Caton.
1780 271 1845 313 R.
1872 269 1931 312 R.
1956 286 1990 311 c.

1130 326 1204 370 10.
1230 333 1273 367 et
1285 325 1488 384 Salmas.
1511 330 1577 369 ad
1591 327 1643 369 V
1635 327 1769 384 opisc.
1795 329 1902 371 Car.
1919 330 1991 371 20.
2076 342 2081 349 >
2106 338 2112 357 ‘2

1122 399 1173 435 p.
1199 385 1298 429 861.
1330 386 1414 436 qui
1442 393 1602 426 tamen
1635 387 1762 425 male
1790 401 1823 426 a
1846 383 1990 426 scutra

1126 442 1212 482 hoe
1249 444 1438 483 uerbum
1470 441 1590 483 oriri
1615 448 1784 494 putat,
1808 439 1992 496 ‘cumstt

1122 498 1282 552 potius
1321 514 1353 540 a
1392 497 1542 539 scuto.-
1592 503 1645 537 ut
1682 500 1797 539 bene
1834 505 1992 539 monet

1112 551 1336 609 summus
1360 557 1443 603 vir,
1465 552 1785 611 Hemsterhus
1809 557 1875 596 ad
1885 555 1992 597 Ari·
2038 579 2056 586 --

1114 609 1274 669 stoph.
1304 611 1427 653 Plut.
1454 627 1505 666 p.
1526 613 1627 658 276.
1654 613 1756 658 277.
1880 630 1908 653 x

1134 693 1141 697 »
1185 665 1488 716 SECESSIO.
1501 669 1668 723 factio.
1701 667 1845 726 Ligar.
1868 670 1908 713 6.
1918 666 1991 724 se-

1123 721 1360 783 ceffi'onem
1393 734 1442 768 iu
1465 724 1586 767 illam
1613 725 1877 773 existimasti,
1910 724 1988 782 (sc.

1126 784 1248 826 inter
1261 790 1307 834 te
1329 789 1373 826 et
1382 783 1685 838 Pampejum)
1697 798 1789 824 non
1802 781 1989 838 bellum.

1112 840 1331 885 .*d1'c1‘tur
1367 841 1514 898 etiam
1540 842 1600 881 de
1628 842 1709 889 iis,
1754 841 1839 896 qui
1859 839 1989 896 seor-

1110 895 1225 953 sum
1248 903 1370 945 eunt,
1397 897 1706 946 deliberandi,
1731 900 1989 952 colloquen-
2074 935 2075 938 ,

1124 956 1179 996 di
1207 952 1364 1011 eausa.
1421 954 1545 998 Mur.
1579 954 1650 999 24.
1691 953 1989 997 seductionem

1124 1011 1324 1060 testium,
1374 1006 1670 1068 seceffionem
1726 1010 1990 1068 subscripto-

1123 1084 1229 1112 rum
1254 1068 1624 1111 animadvertunt.
1654 1067 1730 1110 Sic
1744 1071 1874 1123 apud
1887 1068 1987 1112 Lz'v.

1122 1125 1275 1181 XLV.
1290 1127 1362 1171 36.
1377 1116 1572 1166 Tr¹ibuni
1584 1123 1637 1166 ad
1653 1123 1987 1168 deliberandum

1108 1182 1352 1240 secedunt.
1386 1183 1469 1224 ubi
1496 1198 1537 1223 v.
1572 1181 1813 1225 Dukerus.

1103 1269 1105 1272 <
1179 1239 1352 1283 SECO.
1407 1240 1600 1282 verbum
1658 1240 1985 1293 chirurgicum.

1123 1296 1257 1351 Tuse.
1282 1296 1343 1340 II.
1367 1297 1440 1341 22.
1473 1295 1716 1339 Ο.’Μ3ι·ἰυε
1742 1295 1988 1353 cumseca-

1123 1363 1281 1399 retur:
1310 1369 1403 1408 pro
1425 1368 1517 1409 quo
1543 1355 1640 1396 alio
1660 1356 1786 1404 loco,
1816 1369 1920 1397 eum
1946 1353 1985 1397 ei

1122 1412 1283 1456 varices
1330 1418 1592 1454 eearentur.
1679 1432 1699 1446 r

1177 1469 1292 1514 SEC
1334 1468 1389 1511 A.
1429 1483 1520 1524 pro
1552 1466 1643 1517 via,
1680 1464 1776 1510 iter.
1828 1465 1888 1510 N.
1924 1465 1982 1510 D.

1119 1525 1179 1569 II.
1205 1528 1277 1571 22.
1308 1534 1463 1568 natura
1492 1524 1622 1568 habet
1646 1525 1760 1567 viam
1786 1532 1827 1567 et
1861 1521 1982 1582 quafi

1104 1583 1298 1642 sectam,
1330 1598 1466 1640 quam
1489 1581 1712 1640 sequatur.
1774 1581 1984 1637 *partem

1120 1640 1175 1684 ad
1198 1640 1298 1685 Div.
1318 1640 1442 1684 XIII.
1465 1640 1508 1683 4.
1572 1636 1618 1681 ui
1631 1639 1812 1696 fictam
1833 1637 1981 1681 Caesa-

1119 1697 1182 1741 ris
1221 1698 1479 1756 sequuntur.
1537 1656 1691 1753 {otest
1723 1697 1865 1737 etiam
1885 1688 1983 1755 effe,

1119 1755 1206 1812 qui
1221 1757 1273 1798 in
1299 1753 1516 1811 Caesaris
1537 1755 1744 1797 exercitu
1755 1751 1899 1808 sunt,
1930 1761 1982 1794 ut

1117 1813 1243 1854 idem
1276 1814 1467 1859 verbum
1498 1827 1578 1866 ap.
1602 1811 1787 1853 Livium
1809 1811 1983 1853 dicitur

1116 1868 1314 1912 XXIX.
1337 1869 1410 1913 27.
1440 1868 1556 1918 conf.
1583 1868 1712 1910 Brut.
1732 1869 1776 1911 2.
1808 1862 1982 1910 Οἱὶενο·

1114 1942 1224 1968 nem
1278 1929 1468 1977 verbum
1525 1925 1758 1968 Graecum
1814 1924 1980 1982 αἵρεσις

1099 1983 1294 2042 semper
1317 1983 1625 2038 interpretari
1643 1980 1821 2028 sectam,
1850 1985 1982 2024 docet

1115 2039 1420 2099 Casaubonus
1442 2042 1508 2082 ad
1525 2041 1824 2082 Athenaeum
1838 2038 1893 2080 V.
1909 2041 1979 2084 11.

1171 2096 1449 2143 SECTARI.
1480 2094 1542 2154 eft
1556 2094 1830 2153 servorum,
1901 2111 1983 2139 ua-·

1113 2163 1252 2199 tenus
1287 2156 1338 2198 in
1383 2156 1586 2213 alicujus
1619 2155 1825 2195 dominio
1843 2113 1977 2208 stant.

1113 2212 1242 2256 Rosc.
1268 2213 1322 2256 Α.
1344 2213 1417 2256 28.
1436 2211 1688 2265 sectantur
1709 2209 1819 2263 servi
1836 2208 1980 2267 ‹Chry-

1113 2270 1328 2329 sogonum
1342 2285 1354 2311 ε
1374 2268 1419 2311 h.
1433 2284 1468 2311 e.
1473 2267 1593 2326 sunt
1604 2271 1736 2323 apud
1750 2281 1870 2316 eum,
1884 2282 1981 2309 non

1082 2331 1087 2335 ’
1113 2329 1323 2388 amplius
1355 2329 1487 2380 apud
1521 2324 1752 2382 Roscium.
1809 2326 1980 2366 *clien-

1112 2395 1228 2436 tum,
1247 2393 1309 2427 ut
1329 2381 1557 2443 affectari.
1611 2383 1793 2426 Muren.
1817 2383 1888 2427 33.
1904 2379 1979 2436 se-

1111 2449 1303 2487 ctantur
1335 2457 1439 2484 eum
1481 2438 1625 2484 multi.
1697 2437 1863 2481 *Vax-r.
1892 2436 1975 2481 lV.

1112 2503 1183 2547 66.
1194 2499 1442 2557 sectantur
1453 2512 1560 2546 eum
1571 2495 1725 2554 pueri:
1752 2498 1813 2538 de
1834 2496 1979 2538 homi·

1111 2573 1173 2601 ne
1197 2557 1408 2599 omnium
1440 2554 1659 2600 ludibrio.

1171 2610 1510 2657 SECTATOR.
1525 2606 1780 2669 affectator,
1803 2611 1861 2651 de
1883 2624 1975 2664 quo

1096 2668 1268 2728 supra.
1319 2670 1444 2712 Mur.
1467 2669 1537 2714 34.
1567 2666 1675 2725 quid
1697 2683 1811 2725 opus
1832 2665 1893 2708 est
1903 2665 1984 2723 se-⁴

1111 2726 1395 2771 ctatoribus?
1463 2726 1572 2767 ibid.
1624 2723 1690 2766 lex
1738 2725 1773 2767 F
1774 2723 1871 2766 abia
1921 2722 1975 2764 de

1111 2797 1300 2828 numero
1307 2781 1611 2839 sectatorum.
1638 2797 1680 2823 v.
1703 2780 1813 2823 Ind.
1831 2779 1973 2833 Legg.
1992 2819 1996 2823 ,

1108 2843 1308 2883 *comes.
1365 2839 1517 2882 Rabir.
1543 2837 1659 2881 Post.
1687 2840 1729 2883 8.
1756 2851 1869 2881 num
1890 2837 1976 2882 Ga·
2007 2873 2010 2878 .

1109 2897 1222 2941 binii
1273 2910 1420 2939 comes
1461 2894 1528 2938 vel
1557 2894 1796 2953 sectator?
1833 2902 1972 2950 negat.

1109 2955 1464 3007 intelligendum
1506 2961 1666 2996 autem
1703 2955 1763 2994 de
1804 2952 1975 2993 comiti-

1108 3014 1195 3054 bus
1218 3009 1579 3070 magistratuum
1602 3012 1652 3054 in
1667 3009 1974 3065 provinciam,

1109 3083 1309 3124 quorum
1342 3068 1491 3125 saepe
1533 3066 1595 3129 est
1632 3069 1765 3122 apud
1795 3072 1972 3108 veteres

1107 3126 1295 3173 mentio,
1309 3126 1666 3182 inprimisapud
1679 3123 1978 3167 Suetonium..

1104 3184 1199 3225 vid.
1234 3182 1499 3239 Excutsum
1531 3181 1742 3241 nostrum
1761 3179 1873 3224 XV·
1903 3180 1969 3220 ad

1105 3240 1297 3283 Sueton.
1332 3240 1431 3282 Tib.
1467 3241 1539 3285 46.
1880 3263 1883 3267 ‹

1161 3292 1424 3342 SECTOR.
1466 3299 1703 3340 redemtor
1729 3295 1970 3337 bonorum.

1103 3352 1231 3401 Rosa.
1259 3355 1411 3402 Amer.
1442 3355 1515 3402 29.
1573 3352 1627 3399 ad
1647 3352 1748 3399 Div.
1772 3349 1872 3395 XV·
1900 3350 1970 3395 19.

1834 3405 1968 3450 Verr.
