2144 3600
284 185 355 235 20
1004 177 1383 235 INDEX

375 309 391 331 l

281 339 514 405 ambitu,
560 337 626 389 de
660 337 991 408 repetundis,
1027 337 1238 407 semper
1269 333 1478 393 summa
1503 344 1710 411 primae
1733 343 1786 395 in
1811 359 1875 398 eo
1899 361 2088 414 genere

281 410 408 478 legis
442 409 642 462 servata
680 410 775 474 est,
813 427 1009 479 nempe
1043 424 1099 462 ut
1123 414 1210 479 agi
1232 409 1288 462 in
1314 413 1586 466 hominem
1610 415 1795 484 pofl'et,
1831 429 1889 470 ut
1913 436 2087 486 poena

281 482 399 534 effet
438 483 652 534 crimini
690 482 990 547 constituta,
1037 494 1208 535 cetera
1234 498 1414 537 autem
1447 485 1512 538 de
1536 486 1795 556 personis,
1833 489 1900 540 de
1922 491 2084 541 modo

279 555 491 625 ju'dicii,
539 555 605 606 de
640 571 829 621 genere
867 572 1072 623 poenae
1105 568 1313 608 mutata
1345 556 1484 609 sunt:
1537 559 1603 611 fic
1638 561 1692 610 in
1719 559 2084 614 frumentariis

277 626 483 694 legibus
510 625 717 695 semper
742 626 873 678 illud
903 645 930 678 e
956 626 1277 698 Sempronia
1306 626 1567 681 servatum
1594 632 1677 695 est,
1715 644 1772 684 ut
1792 630 2084 687 semisfibus
2120 670 2124 678 κ

276 710 329 751 et
373 699 649 751 trientibus
695 699 891 768 populo
937 700 1287 752 venderentur
1321 703 1492 753 modii
1534 702 1746 771 finguli,
1801 706 1859 755 in
1897 706 2084 759 ceteris

275 776 456 823 autem
483 771 638 823 rebus
671 770 939 840 quaedam
976 772 1154 823 addita
1178 770 1293 824 sunt
1317 786 1404 824 aut
1428 787 1649 830 mutata.
1723 776 1784 827 Id
1811 795 1873 829 ex
1901 795 1964 829 eo
1993 778 2084 828 in·-

273 843 437 910 telli'gi
484 844 674 912 potest,
729 843 871 913 quod
925 839 1183 895 a'Clodio
1226 845 1458 898 remissos
1504 846 1601 898 effe
1637 848 1832 917 populo
1866 851 2113 914 trientes-

270 933 393 967 cum
428 913 719 968 semissibus
755 915 970 967 tradunt
1002 929 1242 970 auctores
1277 937 1458 970 rerum
1495 919 1656 971 Rom.
1732 917 1979 972 Ceterum
2017 939 2046 973 e

271 988 423 1040 dictis
458 988 791 1055 intelligitur,
828 989 1202 1059 Semproniam
1226 990 1399 1058 legem
1424 988 1575 1060 saepe
1598 992 1941 1045 intermiss'am
1967 1011 1996 1044 e

268 1063 546 1130 repetitam
576 1074 754 1113 autem
777 1060 860 1112 vel
887 1062 1245 1129 rogationibus
1273 1063 1660 1127 Tribunorum5
1690 1083 1878 1126 auram
1905 1084 2080 1134 popu-

267 1133 434 1184 larem
465 1135 790 1203 captantium
807 1172 820 1197 ,
857 1133 940 1184 vel
967 1133 1034 1185 ab
1061 1134 1181 1204 ipfis
1204 1136 1546 1205 optimatibus
1572 1137 1877 1191 auctoritate
1903 1137 2079 1191 Sena-

181 1243 193 1258 .
266 1218 375 1269 tus,
409 1224 532 1258 cum
557 1205 814 1257 interesset
838 1205 1084 1270 Senatui,
1126 1219 1185 1258 ut
1211 1206 1261 1258 se
1289 1208 1484 1277 populo
1509 1206 1793 1276 gratiosum
1820 1210 2076 1276 redderet,

266 1294 434 1350 eoqule
469 1278 674 1330 facilius
715 1276 899 1331 Tribb.
935 1278 1003 1346 pl.
1041 1275 1318 1332 seditiosas
1346 1279 1482 1347 leges
1516 1280 1830 1347 rogantibus·
1851 1281 2077 1334 resistere

301 1349 438 1402 offet.
474 1350 580 1402 vid.
605 1348 869 1402 Plutarch.
909 1351 965 1399 in
995 1346 1196 1401 Catone
1232 1364 1280 1402 et
1315 1348 1464 1403 Civil.
1502 1351 1732 1406 monitis.
1803 1351 1981 1422 Atque
2007 1347 2075 1406 de

263 1370 363 1476 liae
405 1421 520 1492 ipsa
558 1421 700 1489 lege,
763 1434 852 1473 aut
886 1434 1022 1475 certe
1062 1422 1127 1474 de
1165 1419 1381 1488 Clodia,
1430 1422 1602 1476 sermo
1635 1424 1705 1477 est
1738 1445 1822 1495 ap.
1854 1423 1966 1480 Cic.
2004 1426 2074 1477 ad

259 1492 364 1549 Att.
401 1494 472 1549 11.
514 1498 622 1559 19„
673 1493 766 1546 ubi
791 1491 983 1545 Caesar
1024 1497 1251 1553 minatus
1285 1496 1383 1548 ess‘e
1420 1496 1609 1548 dicitur
1646 1497 1750 1565 legi
1772 1504 2073 1566 Rosciaeet

247 1573 659 1633 frumentariae,
706 1567 850 1635 quod
898 1578 1106 1618 mortuo
1142 1565 1326 1636 plausu
1362 1569 1416 1618 in
1454 1568 1659 1620 theatro
1699 1569 1768 1621 ab
1808 1569 2070 1638 equitibus

259 1659 323 1694 ac
359 1640 513 1710 plebe
556 1652 796 1710 acceptus
833 1652 969 1703 erat,
1025 1636 1188 1691 Curio
1233 1654 1419 1698 autem,
1455 1639 1598 1692 filius
1637 1639 1876 1705 summ0,
1929 1643 2071 1710 quod

245 1731 395 1764 unus
421 1710 661 1765 Caesaris
695 1724 746 1763 et
770 1713 1015 1780 Pompeji
1050 1713 1276 1762 nimiam
1311 1713 1601 1780 potentiam
1637 1712 1803 1764 libere
1842 1711 2069 1766 insecta-

256 1798 412 1837 retur.
489 1785 636 1836 Nam
673 1781 951 1835 ficsulcisci
989 1786 1185 1853 equites
1211 1785 1454 1854 putabat,
1500 1784 1539 1836 fi
1565 1784 1825 1836 honorem
1849 1786 1904 1836 in
1935 1785 2069 1838 XIV

254 1855 471 1911 sedendi
506 1856 791 1920 adimeret,
830 1855 1041 1924 plebem
1082 1869 1288 1920 autem,
1310 1858 1372 1908 ‘fi
1397 1857 1753 1923 frumentum,
1803 1857 1944 1925 quod
1970 1876 2067 1909 ex—
2130 1882 2144 1913 ψ

253 1931 382 1998 iguo
419 1931 589 2000 pretio
626 1946 655 1979 e
680 1927 1002 1997 Sempronia
1039 1928 1151 1996 lege
1189 1948 1222 1980 a
1249 1929 1496 1981 Terentio
1525 1942 1575 1981 et
1600 1927 1772 1982 Casfio
1800 1947 1865 1982 ao
1885 1930 2064 1998 paullo

253 2015 377 2063 ante
415 2021 448 2054 a
476 2001 678 2055 Senatu
706 1997 924 2052 Catonis
962 2003 1267 2053 auctoritate
1291 2004 1344 2052 in
1372 2000 1803 2053 consuetudinem
1832 2014 1880 2054 et
1908 1999 2062 2054 usum

249 2086 496 2129 revocata
530 2075 840 2144 acciperent.
913 2072 1188 2126 Manutius
1229 2075 1296 2126 ad
1335 2091 1459 2128 eum
1495 2074 1669 2126 locum
1691 2093 1800 2125 non
1829 2072 1947 2129 satis
1971 2093 2064 2126 ac-

247 2148 767 2272 m'an'ssfflffnm
799 2222 858 2273 P.
905 2221 1075 2271 clodii
1109 2216 1254 2270 Trib.
1292 2217 1362 2288 pl.
1398 2215 1459 2271 A.
1500 2217 1572 2274 U.
1608 2213 1874 2272 DCXCV.
1948 2218 2064 2272 Hac

249 2292 602 2364 Semproniae
627 2291 754 2359 legis
780 2290 1322 2360 beneficiumauctum
1350 2290 1450 2343 esta
1488 2290 1631 2343 Tulit
1659 2292 1819 2354 enim,
1860 2303 1914 2342 ut
1939 2310 2062 2358 gra-

240 2367 313 2418 ·tis
339 2364 550 2419 daretur
577 2363 926 2427 frumentum,
966 2364 1108 2431 quod
1137 2371 1294 2415 antea
1310 2360 1507 2414 semiffe
1525 2381 1586 2414 ac
1607 2361 1796 2414 triente
1820 2362 2057 2415 dabatur.

247 2436 408 2494 Dom.
453 2441 534 2491 10.
571 2436 715 2489 Sext.
739 2439 822 2490 25.
870 2433 1058 2487 Ascon.
1096 2435 1154 2486 in
1181 2434 1279 2486 Pis.
1306 2434 1355 2488 4.

422 2507 822 2564 OCTAVIA
857 2514 939 2560 M.
969 2512 1173 2562 Octavii
1195 2503 1289 2560 Cn.
1319 2505 1406 2570 F„
1445 2506 1534 2573 qui
1560 2504 1732 2572 legem
1759 2505 2056 2559 frumenta-

214 2589 215 2592 ’
246 2583 412 2648 riam,
473 2584 736 2635 incertum
780 2580 1017 2648 quande,
1083 2578 1226 2643 tulit,
1278 2596 1340 2648 ex
1378 2596 1486 2646 qua
1520 2579 1732 2629 modica
1764 2577 1972 2646 largitio
2004 2593 2055 2632 et

240 2654 352 2707 illis
380 2654 711 2724 temporibus
743 2651 1026 2704 necessaria
1059 2650 1244 2715 fiebat,
1292 2651 1464 2718 quod,
1514 2662 1572 2700 ut
1603 2650 1793 2717 Pighio
1834 2653 2053 2715 videtur,

245 2729 419 2796 majus
457 2729 688 2796 pretium
724 2727 781 2776 in
814 2723 1024 2776 modios
1047 2721 1273 2789 singulos
1297 2720 1561 2774 statuebat.
1598 2719 1706 2773 Cic.
1734 2722 1846 2774 Off.
1875 2723 2049 2778 11.x21.

244 2797 330 2851 Ad
355 2817 478 2851 eum
502 2800 727 2868 pertinet
749 2798 891 2850 locus
912 2795 1059 2849 Brut.
1084 2800 1188 2861 62„
1224 2795 1365 2847 unde
1387 2806 1560 2863 patet,
1600 2807 1772 2847 aetate
1799 2794 1877 2847 Μ.
1904 2807 1955 2847 et
1983 2796 2049 2849 L.

245 2871 456 2925 Luculli
479 2869 716 2923 floruisse.

395 2943 482 2996 -L,
517 2939 902 2996 PHILIPPI
933 2940 1163 2994 Tribuni
1195 2939 1259 2995 A.
1297 2938 1370 2996 U.
1409 2934 1707 2989 DCXLIX.
1739 2937 2047 3008 perniciosa,

243 3015 331 3071 sed
351 3035 458 3070 non
482 3015 692 3085 perlata.
729 3014 760 3065 l.
788 3033 829 3067 c.

413 3083 1075 3142 FRUMENTARIA
1113 3087 1412 3149 seculorum,
1459 3099 1596 3152 quae
1632 3094 1684 3134 et
1723 3081 2047 3137 HIERO-

244 3158 452 3217 NICA
476 3161 696 3212 'dicitmu
733 3159 838 3210 vid.
875 3163 1168 3210 Hieronica.

410 3231 682 3290 FUFIA
718 3231 799 3282 lex
838 3232 970 3301 juris
1002 3229 1198 3300 publici
1246 3241 1295 3280 et
1335 3228 1466 3297 reip.
1502 3226 1660 3280 Rom.
1698 3224 2043 3284 saluberrima

241 3305 356 3359 suit.
429 3306 577 3358 Male
621 3307 678 3355 in
726 3304 988 3374 plerisque
1037 3301 1264 3369 vulgatis
1311 3301 1455 3353 libris
1502 3303 1651 3362 Fufia
1699 3300 1903 3353 dicitur.
1977 3302 2042 3352 ln

238 3377 548 3433 Graeviana'
574 3394 787 3446 quoque
826 3375 912 3428 hic
950 3376 1175 3429 varietas
1210 3374 1304 3437 est,
1357 3386 1406 3425 et
1442 3373 1738 3448 interdum,
1810 3391 1859 3424 v.
1898 3390 1939 3426 e.
1983 3374 2040 3423 in

1916 3443 2037 3500 Vat.
