2144 3600
237 87 306 140 24
941 83 1326 136 JNDEX

238 239 572 310 jurejurando
599 235 945 303 exsecrarent,
985 239 1049 304 fi,
1084 229 1583 310 impetra10‚.quem
1608 255 1867 312 peterent,
1908 265 2028 297 ma-

236 313 468 381 gistratu,
504 311 834 364 mentionem
871 310 1100 364 fecissent
1136 313 1203 365 de
1240 331 1366 380 agro
1394 310 1668 383 Campano
1701 315 1850 367 aliter
1871 318 2032 384 posfi-

233 385 410 436 dendo
445 395 604 452 atque
639 401 702 435 ex
729 383 829 436 hac
862 383 1006 451 lege3
1053 384 1198 435 unde
1222 382 1517 438 Laterenfis
1543 405 1606 438 eo
1631 405 1771 438 anno
1792 388 2041 440 tribuna--

230 469 348 509 tum
374 468 553 524 petere
579 455 768 507 distitit.
805 456 909 512 vid,
936 474 1032 526 pro
1055 456 1232 509 Plane.
1271 459 1387 510 c.s5.
1427 471 1477 510 et
1503 458 1578 516 ibi
1602 459 1814 511 Manut.
1888 461 2034 513 Haec

231 529 315 581 lex
352 529 514 580 etiam
551 541 882 597 memoratur
916 526 1051 584 Phil.
1080 528 1144 581 V.
1182 532 1263 582 19.
1338 529 1485 599 Ejus
1510 531 1698 599 fragm.
1735 532 1855 583 vide
1893 534 2034 603 apud

231 600 486 654 Goefiurn
518 601 575 651 in
612 598 800 669 Script.
835 599 899 654 R.
937 619 1044 669 agr.
1073 621 1123 671 p.
1149 603 1268 654 530.
1343 598 1591 654 Ceterum
1613 599 1782 655 multa
1807 606 1872 655 ad
1900 606 2035 657 lianc

227 672 429 741 legem,
491 685 557 738 et¹
579 670 849 726 Ciceronis
884 674 953 724 ad
989 691 1111 725 eam
1153 674 1468 743 pertinentia
1499 675 1652 740 loca,
1688 678 1933 744 inprimis
1966 679 2041 739 de.

227 745 533 809 XXviratu‚
565 744 898 811 illustranda,
940 744 1101 799 habet
1126 747 1435 800 Mazochius
1470 747 1536 799 de
1562 747 1837 817 Amphith.
1864 747 2036 800 Cam—

227 837 370 888 pano
424 837 473 884 p.
515 817 598 871 14.
637 815 745 888 sqq.
815 817 867 871 E
899 817 1159 873 veteribus
1191 819 1440 890 inprimis
1473 820 1722 889 legendus
1762 819 1870 873 Dio
1903 818 2035 874 Caff.

226 888 528 944 XXXVIII.
562 891 678 942 init.

401 962 439 1014 J
459 960 670 1017 ULlA
710 969 774 1014 de
807 968 1077 1030 provinciis
1113 971 1433 1028 ordinandIs,
1475 963 1586 1016 lata
1623 963 1677 1015 in
1706 965 1880 1036 primo
1905 967 2038 1017 con-4
2132 1016 2135 1028 ‚

228 1034 413 1100 sulatu,
449 1053 555 1103 qua
579 1036 801 1104 repetita
826 1047 877 1086 et
900 1049 1054 1088 aucta
1082 1037 1152 1088 est
1170 1039 1423 1100 Cornelia,
1462 1034 1527 1086 de
1554 1053 1658 1105 qua
1684 1035 1852 1105 supra.
1928 1038 2038 1095 ,Ια-
2128 1032 2131 1047 ”

229 1106 412 1172 bebat,
464 1108 597 1159 (luas
631 1108 863 1159 rationes
899 1109 955 1158 in
991 1110 1264 1179 provincia
1291 1110 1434 1179 apud
1460 1108 1589 1160 duas
1613 1109 1844 1162 civitates
1868 1109 2039 1180 clepo—
2070 1111 2075 1116 “

229 1197 381 1244 nere,
421 1179 739 1247 easdemque
767 1180 988 1232 totidem
1013 1179 1186 1233 verbis
1211 1179 1279 1234 ad
1306 1181 1573 1233 aerarium
1601 1181 1813 1247 referre,
1845 1182 1942 1251 Ep.
1968 1179 2036 1234 ad

227 1251 350 1306 Div.
376 1250 441 1303 V.
457 1255 543 1304 20.
573 1251 640 1303 ll.
670 1256 751 1304 17.
788 1252 857 1303 ad
875 1252 980 1305 Ati.
1004 1253 1097 1306 Vl.
1123 1258 1204 1316 7.;
1244 1270 1309 1304 ne
1334 1255 1630 1322 praetoriae
1658 1253 2040 1318 ultra-annum,

228 1320 524 1397 consulares
549 1321 687 1375 ultra
711 1323 990 1376 biennium
1017 1325 1391 1389 obtinerentur,
1432 1322 1566 1376 Phil.
1594 1324 1635 1375 l.
1651 1330 1699 1379 8.
1754 1325 1910 1393 Quae
1937 1345 2044 1378 au-·

226 1411 338 1450 tem
376 1396 457 1449 lex
488 1395 628 1452 Iulia
652 1396 786 1451 Phil.
825 1397 913 1450 111.
953 1399 1032 1452 15.
1071 1410 1559 1461 commemoratur,
1580 1413 1642 1448 ex
1674 1416 1776 1467 qua
1801 1398 2051 1465 Brutum,

229 1467 518 1534 Plancum,
579 1469 819 1538 aliosque
875 1472 1172 1539 provincias
1219 1471 1455 1520 obtinere
1503 1467 1742 1538 placebat
1780 1467 2041 1536 Ciceroni,

231 1541 570 1613 privilegium
607 1542 736 1607 suit,
773 1560 880 1611 quo
917 1543 999 1594 his
1035 1542 1497 1612 provinciae'islae
1535 1542 1692 1594 datae
1723 1540 1837 1594 sunt
1863 1555 2044 1596 contra
2102 1550 2105 1553 ’

231 1615 404 1683 legem
445 1619 826 1683 Semproniam,
863 1634 999 1684 quae
1037 1613 1178 1669 SCto
1215 1614 1424 1667 decerni
1461 1610 1591 1666 Coff.
1613 1611 1681 1667 'et
1717 1615 1909 1670 Praett.
1945 1615 2053 1669 de-'

231 1686 440 1757 signatis
465 1688 760 1756 provincias
792 1688 1022 1757 jubebat.
1330 1727 1348 1750 ,-
2004 1711 2006 1718 “

409 1757 679 1819 JULIA
717 1767 780 1811 de
818 1769 1130 1830 repetundis,
1177 1759 1283 1813 lata
1316 1759 1372 1809 in
1400 1759 1573 1828 primo
1599 1756 1896 1830 consulatu,
1933 1761 2040 1831 post

239 1835 598 1899 Calpurniam,
636 1835 888 1897 Aciliam,
933 1839 1212 1897 Serviliam,
1256 1835 1561 1896 Corneliam,
1597 1834 1858 1905 acerrima
1885 1846 1934 1885 et
1959 1837 2043 1904 ju-'

236 1904 483 1962 stimma..
502 1905 646 1963 Sext.
675 1905 761 1960 64.
791 1908 844 1957 in
869 1905 972 1961 Pis.
1002 1926 1043 1965 c.
1067 1910 1145 1960 16.
1170 1908 1256 1960 21.
1295 1922 1389 1974 pro
1417 1903 1551 1956 Rab.
1579 1904 1634 1958 P.
1664 1905 1769 1961 e.4.
1795 1906 1851 1957 in
1867 1906 2050 1961 Vatin:

237 1996 280 2032 c.
311 1983 390 2032 12.
427 1982 591 2045 Ausus
618 1984 688 2046 est
704 1984 957 2045 Gabinius,
979 1988 1124 2032 mitto
1149 1985 1292 2034 exire
1307 1985 1370 2030 de
1383 1974 1658 2044 provincia,
1682 1985 1889 2031 educere
1901 2003 2039 2032 exer·

238 2058 418 2116 citum,
453 2050 615 2125 (quod
647 2050 778 2105 olim
813 2052 926 2121 lege
952 2052 1283 2122 prohibitum
1312 2058 1415 2101 non
1443 2048 1591 2101 suifl’e
1613 2049 1800 2103 docent
1821 2051 2042 2103 anker

240 2135 293 2177 et
326 2122 598 2178 Drakenb.
637 2124 705 2176 ad
741 2124 859 2178 Liv.
893 2125 1120 2177 XXVII.
1159 2125 1269 2187 43.)
1317 2128 1497 2174 bellum
1521 2128 1614 2190 sua
1635 2128 1821 2190 sponte
1852 2129 2053 2193 gerere,

242 2203 295 2249 ia
329 2216 539 2266 regnum
569 2202 746 2265 injuffu
770 2206 942 2266 populi
967 2209 1052 2252 au‘t
1084 2201 1291 2252 Senatus
1314 2204 1579 2259 accedere,
1613 2217 1733 2259 quae
1756 2219 1863 2249 cum
1891 2201 2043 2264 pluri·
2119 2222 2123 2227 ·

242 2291 356 2323 mae
377 2277 513 2338 leges
537 2285 746 2334 veteres,
786 2285 893 2323 tum
909 2278 995 2324 Iex
1013 2273 1250 2324 Cornelia
1275 2274 1564 2342 majestatis,
1601 2267 1738 2322 Iulia
1759 2276 1822 2320 de
1832 2275 2049 2342 pecuniis]

246 2349 534 2410 repetundis
554 2345 835 2411 planissime
861 2358 1061 2408 vetant,
1099 2357 1190 2394 etc.
1260 2340 1377 2393 Lex
1409 2343 1647 2394 Cornelia
1667 2353 1820 2405 vetat,
1858 2354 2049 2409 quate-
2078 2361 2081 2364 ’

247 2433 347 2468 nus
369 2414 611 2484 majestas
633 2434 753 2485 pop.
778 2415 936 2472 Rom.
965 2417 1046 2468 his
1070 2416 1226 2468 rebus
1253 2414 1537 2464 minuitur:
1575 2412 1739 2476 Julia,
1776 2414 1900 2482 quia
1924 2412 2051 2466 talia

246 2486 362 2538 fieri
400 2485 566 2539 solent
601 2489 855 2559 pecuniae
893 2502 1138 2558 acceptae
1178 2483 1343 2540 causa.
1390 2483 1526 2537 conf.
1564 2485 1784 2553 Argum.
1819 2483 1917 2540 Or.
1953 2487 2049 2556 pro

246 2557 382 2614 Rah.
427 2559 601 2619 Posth.
681 2560 770 2616 De
817 2561 915 2612 hac
950 2561 1062 2628 lege
1094 2559 1166 2613 est
1203 2559 1365 2610 etiam
1401 2555 1544 2608 locus
1581 2558 1636 2608 in
1675 2555 1845 2611 Pison.
1885 2577 1927 2611 c.
1964 2558 2050 2612 21‘.

160 2660 164 2666 x
248 2630 459 2686 Eadem
498 2631 581 2684 lex
623 2633 718 2698 est,
760 2650 899 2701 quae
932 2634 1010 2687 ibi
1046 2633 1354 2686 nominatur
1377 2649 1419 2687 c.
1443 2634 1555 2695 37„
1594 2632 1719 2683 etin
1746 2629 2052 2684 universum

252 2720 316 2756 ex
357 2704 455 2756 hac
485 2707 721 2758 oratione
755 2705 1049 2778 plurimum
1077 2706 1208 2757 lucis
1243 2703 1411 2773 capit,
1460 2703 1602 2771 quod
1624 2703 1681 2753 in
1706 2720 1768 2755 ea
1793 2704 2055 2772 objiciun-

251 2787 339 2829 tur
385 2773 562 2828 Pisoni
611 2778 663 2829 e't
707 2774 971 2844 Gabinio,
1042 2794 1177 2848 quae
1213 2787 1393 2829 contra
1430 2776 1770 2845 hanelegem
1806 2775 2052 2839 fecerant.
2130 2773 2131 2777 ’

253 2840 603 2904 constitutum
639 2863 749 2903 erat
776 2869 838 2904 ea
876 2851 1017 2919 lege,
1056 2850 1189 2921 quid
1226 2861 1277 2901 et
1303 2865 1335 2901 a
1358 2866 1464 2918 quo
1488 2850 1724 2918 accipere
1757 2849 1812 2902 in
1839 2850 2060 2916 provin-

257 2923 339 2981 cia
363 2919 569 2986 liceret,
606 2923 674 2975 ad
702 2921 805 2979 Att.
831 2924 898 2976 V.
928 2930 1008 2981 10.
1038 2936 1089 2976 et
1119 2925 1200 2976 16.
1245 2925 1402 2985 Scito,
1438 2943 1535 2976 non
1561 2927 1706 2974 modo
1731 2943 1816 2974 nos
1825 2927 2057 2987 foenum,

257 3008 370 3059 aut,
403 3002 528 3064 quod
562 3001 675 3063 lege
696 2995 836 3049 Iulia
857 3003 971 3049 dari
986 3003 1149 3065 solet,
1189 3016 1286 3048 non
1308 3001 1560 3062 accipere,
1581 2998 1677 3061 sed
1700 3017 1760 3046 ne
1788 3000 1928 3063 ligna
1958 3001 2056 3062 qui*¹

207 3117 212 3121 .
259 3075 398 3132 dem,
437 3088 534 3120 nec·
559 3084 764 3134 praeter-
796 3086 1019 3137 quattuor
1057 3075 1208 3121 lectos
1243 3081 1292 3120 et
1316 3081 1498 3119 tectum
1527 3088 1810 3135 quemquam
1834 3075 2063 3134 accipere

261 3146 540 3208 quicquam,
573 3151 665 3193 etc.
739 3141 972 3194 Jubebat
999 3142 1161 3193 etiam
1189 3139 1298 3208 post
1314 3141 1577 3192 Serviliam
1599 3150 1650 3190 et
1667 3142 1984 3202 Corneliam,
2022 3133 2063 3189 fi

261 3230 289 3262 e
324 3212 502 3278 bonis,
539 3213 605 3264 de
644 3215 943 3282 repetundis
970 3212 1323 3276 condemnati,
1362 3230 1468 3263 non
1496 3224 1702 3264 tantum
1727 3211 2063 3278 redigeretur,

261 3287 442 3352 quanti
496 3288 546 3338 ei
582 3284 644 3338 lis
683 3285 952 3340 aestimata
992 3286 1135 3351 effet,
1182 3285 1432 3352 reliquias
1471 3285 1538 3337 ab
1577 3286 1640 3337 iis
1678 3282 1939 3353 persequi,
1995 3283 2062 3333 ad

1941 3375 2068 3423 (11108
