2144 3600
251 95 317 165 io
968 105 1429 175 ιΝιιιΕιι,

249 283 299 332 Ρ.
340 266 463 329 626.
495 258 551 316 s.-
569 272 638 313 et
671 263 735 315 in
783 260 903 332 ipsis
951 260 1274 330 fragmentis.
1346 259 1407 313 In
1457 261 1520 313 iis
1497 232 1790 329 legibus
1806 262 2052 324 fer-endis,

251 355 415 403 quum
463 333 696 386 multum
738 335 1011 389 turbarum
1068 345 1244 391 ortum
1282 331 1434 399 effet,
1486 330 1790 386 intercessio
1825 335 2063 402 collegae

252 408 533 473 neglecta,
561 405 731 459 fasces·
760 404 996 463 Consulis
1034 405 1231 470 fracti,
1255 409 1384 468 etc,
1418 423 1527 476 ma)
1516 406 1701 459 'estatis
1731 425 1851 460 reus
1882 407 2057 459 factus

252 480 351 545 est,
394 479 642 531 Praetore
655 477 908 531 Cicerone
930 478 1320 531 defendente.
1284 497 1335 530 .
1364 479 1497 548 inpr.
1522 478 1630 531 Dio
1646 477 1779 531 Cass.
1795 479 2054 534 XXXVI.

250 570 301 619 p.
345 553 423 602 18.
467 553 547 610 19.
596 551 684 604 -Ιιι
720 551 1147 620 duabuS,-.quae
1184 550 1416 620 perlatae
1453 549 1597 615 sunt,
1660 551 2059 605 fuit-haec:.,ut

251 627 520 676 Praetores
570 645 646 678 ex
685 630 858 676 edictis
895 629 1001 689 suis
1034 630 1289 690 perpetuis
1319 630 1637 689 judicarent,
1709 623 1763 678 h.
1799 641 1846 678 e.
1886 624 2058 676 edicto

253 711 459 758 anuu0‚
499 694 594 747 nisi
620 698 740 764 quis
775 694 927 748 malit
974 695 1144 762 legere
1180 710 1454 764 perpetuo,
1504 696 1540 747 i.
1565 712 1610 748 e.
1647 695 1756 748 fine
1775 698 2060 762 :varietate,

252 765 395 833 quod
435 734 590 818 valde
625 767 897 841 probabile
930 767 1055 820 facit
1095 767 1151 820 J.
1175 766 1239 818 A.
1267 767 1526 834 BaebiuS,
1552 766 1633 821 V.
1653 765 1796 833 Cel„
1845 771 1903 820 in
1930 769 2066 823 Hist.

186 906 190 908 Α
252 839 347 907 jur.
380 855 456 909 tp.
471 842 594 897 208.
668 838 775 891 Sed
798 837 1145 893 Praetoribus
1177 839 1386 892 videtur
1406 807 1601 892 licuiss'e
1630 841 1796 891 etiam
1827 858 1889 892 ex
1915 853 2060 893 tem-

253 928 384 980 pore
421 912 684 979 quaedam
728 908 964 974 edicere,
1001 913 1319 982 cujusmodi
1328 913 1558 974 edictum
1585 922 2059 982 commemoratur,

250 982 339 1034 ied
370 984 729 1054 provinciale
755 983 904 1036 Verr.
944 951 1038 1038 ΙΙΙ.
1070 984 1150 1037 14.
1215 985 1427 1038 Saltem
1452 985 1510 1036 id
1541 984 1637 1036 fibi
1660 985 1907 1036 videntur
1931 987 2062 1054 qui-

253 1056 379 1107 dam
419 1055 698 1123 arrogaffe:
747 1060 830 1109 cui
869 1058 1047 1124 generi
1082 1058 1334 1127 perpetua
1359 1069 1706 1126 opponuntur.
1777 1056 1846 1108 E
1831 1077 1912 1130 lus
1934 1057 2062 1126 legis

250 1145 391 1197 quae
417 1129 496 1184 vis
510 1128 713 1192 fuerit,
725 1149 775 1183 v.
803 1147 889 1198 ap.
919 1129 1155 1185 Perizon.
1185 1130 1250 1185 de
1275 1129 1419 1203 Lege
1444 1129 1647 1203 Vocon.
1682 1149 1739 1198 p.
1763 1131 1902 1184 193.

420 1210 785 1272 CORNEL
803 1212 892 1265 lA
942 1223 1004 1267 de
1053 1222 1413 1270 libertinorum
1429 1213 1746 1286 suffragiis,
1775 1216 1836 1267 in
1860 1216 2062 1285 fragm.

255 1284 351 1338 Or.
370 1285 447 1345 in
487 1282 699 1356 Corneli
704 1304 822 1349 um,
871 1285 964 1351 est,
1012 1303 1151 1353 quae
1189 1299 1240 1338 et
1270 1286 1494 1358 Manilio
1527 1289 1751 1349 dicitur,
1791 1289 1867 1339 de
1883 1307 1990 1358 qua
2014 1308 2064 1343 v.

251 1357 405 1409 infra.
480 1338 631 1415 Eam
661 1357 926 1417 accusator
962 1355 1199 1412 Cornelii
1235 1344 1444 1424 dixerat
1471 1377 1520 1426 a
1532 1351 1784 1440 Cornelio
1817 1360 1966 1425 Trib.
1986 1361 2066 1433 ΡΙ.

251 1449 372 1482 cum
397 1428 628 1482 Manilio
656 1431 839 1484 datam
867 1430 982 1483 effe.
1031 1447 1036 1454 ·

425 1511 498 1567 C.
500 1511 630 1567 CO
645 1515 694 1568 Γ
705 1508 911 1580 ΤΑΕ
938 1515 1111 1568 fratris
1132 1513 1196 1568 L.
1214 1466 1344 1570 Aur.
1361 1511 1564 1581 Cottae,
1588 1515 1728 1587 leges
1750 1503 2065 1572 memoran-

251 1596 337 1639 tur
366 1588 423 1639 in
467 1587 776 1656 fragmentis
798 1587 1148 1641 Cornelianae
1174 1587 1213 1641 I.
1248 1608 1301 1658 p.
1315 1593 1436 1643 630.
1475 1588 1578 1640 de
1544 1590 1738 1659 lisque
1763 1589 1875 1661 ipse
1901 1590 2066 1655 abro'-⁴
2104 1609 2109 1618 ζ

254 1661 436 1727 gaudis
464 1660 533 1711 ad
555 1661 821 1713 Senatum
843 1659 1069 1712 retulifl'e
1099 1660 1300 1713 dicitur.
1372 1646 1488 1713 Eae
1513 1653 1767 1728 quorsum
1792 1665 2064 1735 pertinue-

250 1734 380 1798 rint,
413 1748 522 1797 non
561 1734 768 1789 constat.
813 1731 1073 1786 v·.Ascon.
1114 1732 1337 1798 ad1.c.,
1373 1733 1468 1802 qui
1487 1747 1885 1788 commemorat
1912 1733 2065 1801 hanc,

253 1823 370 1873 qua
365 1773 542 1868 tulit,
597 1819 655 1858 ut
682 1808 777 1871 iis,
825 1807 916 1874 qui
954 1805 1181 1858 Tribuni
1205 1805 1375 1874 plebis
1407 1805 1638 1873 suiffent,
1687 1808 1820 1861 alios
1855 1812 2065 1878 quoque

251 1877 609 1945 magistratus-
619 1896 809 1948 capere
852 1879 1057 1946 liceret,
1089 1878 1242 1946 quod
1277 1876 1343 1930 L.
1387 1877 1570 1931 Sullae
1609 1879 1724 1948 lege
1765 1879 1915 1943 nefas
1940 1892 2064 1932 erat.

253 1949 396 2000 Eam
426 1962 601 2002 autem
640 1951 814 2019 legem
853 1969 960 2001 non
996 1951 1256 2003 contineri
1271 1962 1437 2046 putat
1460 1952 1554 2018 iis,
1592 1951 1678 2006 de
1675 1954 1885 2040 quibu}
1903 1953 2067 2046 abro-

253 2023 437 2091 gaudis
477 2023 547 2091 ad
580 2022 843 2076 Senatum
880 2023 1132 2076 retulerit.

426 2105 501 2161 C.
519 2106 752 2164 COT'l
763 2108 871 2160 ΑΕ
903 2106 1154 2179 ejusdem
1177 2115 1241 2162 de
1267 2111 1471 2177 'judiciis
1494 2112 1709 2176 privatis
1734 2086 2066 2160 memoratur

251 2181 382 2307 late?
396 2198 664 2307 e{amque
709 2132 982 2252 abrogavit
1033 2181 1212 2274 frater
1240 2180 1337 2235 Μ.
1368 2177 1553 2248 Cotta,
1606 2198 1750 2267 anno
1786 2179 2066 2252 postquam

425 2333 746 2393 CRASSI
783 2346 846 2392 de
888 2342 1135 2406 Clvitate,
1171 2336 1277 2393 vid.
1301 2342 1522 2394 Licinia.
1781 2346 1785 2350 ’

426 2409 762 2476 CURIAT
774 2411 824 2463 A
860 2413 1076 2476 dicitur,
1113 2410 1388 2493 quicquid
1402 2429 1458 2461 ιιι
1479 2405 1723 2461 Comitiis
1750 2409 1962 2462 curiatis
1996 2409 2066 2461 ad

250 2485 510 2556 populum
550 2485 744 2540 fertur.
813 2483 918 2554 Sed
957 2497 1196 2554 tempore
1228 2479 1534 2548 Ciceronis,
1582 2468 1807 2534 inductis
1845 2482 2070 2553 tributis,

253 2577 375 2612 cum
411 2552 787 2609 obsoleviffent
790 2558 1016 2621 curiata,
1071 2557 1212 2624 (vid
1235 2553 1400 2609 Gron.
1414 2552 1703 2606 Observat.
1733 2554 1840 2608 IV:
1863 2561 1904 2607 1.
1938 2553 2064 2623 Agr.

251 2630 322 2684 ll.
351 2629 454 2696 11.)
493 2648 586 2698 per
616 2630 823 2681 lictores
858 2631 946 2679 in
957 2629 1160 2682 duabus
1186 2623 1377 2691 caufis
1396 2625 1763 2691 habebantur,
1797 2620 1977 2709 primo
2002 2635 2066 2679 de

252 2725 309 2754 re
352 2708 591 2774 mih'lari,
648 2701 840 2752 deinde
890 2707 953 2752 cle
1000 2709 1283 2770 adoptione.
1356 2680 1535 2773 Nam,
1591 2711 1647 2750 ut
1683 2692 1866 2751 Cicero
1903 2701 1977 2750 ait
2008 2701 2066 2750 in

250 2766 489 2843 Agraria
498 2773 567 2827 ΙΙ.
600 2776 717 2838 12„
746 2777 862 2827 rem
890 2774 1182 2827 militarem
1207 2762 1574 2844 continebant,
1614 2788 1786 2840 neque
1805 2768 2066 2850 cuiquam

251 2847 465 2931 licebat,
505 2855 625 2898 eam
651 2848 910 2913 attingere
944 2845 1050 2898 fine
1085 2846 1221 2925 lege
1232 2839 1448 2924 curiata.
1490 2843 1552 2895 cf.
1575 2841 1705 2895 Lex
1729 2844 1968 2906 Cornelia
2003 2851 2068 2897 de

251 2941 394 2988 prov.
419 2924 544 2971 ord.
602 2905 760 2969 Hinc
782 2927 894 2987 lege
921 2926 1111 2970 curiata
1146 2915 1326 2970 oriz'arz
1333 2909 1561 2971 ffildem
1587 2934 1627 2966 C
1652 2910 1732 2968 10·
1766 2914 1849 2979 est,
1890 2929 2067 2968 eoml-

251 2994 338 3046 tiis
383 2993 593 3045 curiatis
640 2992 875 3059 accipere
910 2991 1229 3058 imperium,
1282 3001 1351 3040 et
1365 2989 1672 3056 potestatem
1707 2989 1785 3038 rei
1822 2987 2067 3040 militaris

252 3051 714 3116 administrandae.
789 3062 884 3113 D'e·
918 3063 1191 3129 adoptione
1240 3061 1426 3112 autem
1466 3060 1776 3128 exemplum
1812 3072 1956 3126 extat
2001 3061 2064 3113 Ρ.

254 3134 458 3200 Clodii,
507 3137 600 3204 qui
636 3137 863 3187 comitiis
902 3137 1110 3187 curiatis
1136 3153 1168 3186 a
1197 3133 1407 3202 plebejo
1431 3133 1706 3200 adoptatus
1731 3131 1814 3184 eft.
1872 3163 1874 3165 -

426 3203 681 3259 DIDIA
720 3221 768 3258 et
806 3201 1404 3268 CAECIL1A‚vid.
1454 3207 1674 3258 Caeczlca
1692 3207 1887 3281 Didia.

429 3280 546 3355 Lex
585 3281 650 3356 de
678 3271 946 3380 DOLO
983 3286 1142 3345 malo,
1181 3279 1287 3357 vid
1312 3282 1586 3354 Aquillc'a.

1894 3357 2062 3411 Do-
