2124 3640
245 164 350 214 810

207 350 209 353 .
244 313 423 369 ignosco
438 321 638 410 zropter
658 315 930 360 amicitiam.
952 330 993 358 v.
1007 323 1105 358 not.

243 370 297 412 ad
324 371 424 414 Div.
484 372 520 413 Ι.
545 374 586 416 6.
620 376 752 418 Cedit
774 370 1011 416 ambitiosis
1033 388 1105 413 vo·

244 425 507 476 luntatibus,
559 429 643 490 efi,
680 431 832 487 facit,
877 445 999 484 quae
1031 444 1104 470 vo-

242 487 349 526 lunt
390 487 617 531 homines·
643 487 912 530 ambitionis
944 484 1101 541 eausa.

241 540 374 583 Offie.
401 541 458 583 ΙΙ.
484 546 551 587 11.
596 543 681 588 Cui
719 543 930 587 exercitus
964 541 1102 585 nostri

242 595 490 656 cefferunt,
530 599 571 641 h.
598 618 632 644 c.
665 619 697 643 a
720 611 810 657 quo
833 599 1101 655 victisunt?

241 670 282 696 v.
310 670 426 711 quos
450 660 618 700 laudat
630 658 856 700 Dukerus
878 659 944 697 ad
966 657 1015 699 F
1011 659 1098 699 lor.

241 711 282 754 I.
310 713 379 763 14.
405 714 450 757 2.
478 715 550 756 ΙΙ.
579 717 618 759 6.
634 717 703 758 61.
751 714 928 758 Caecin.
946 716 985 757 1.
1019 715 1103 756 Ce-

240 772 352 811 dere
374 767 420 812 in
444 771 581 820 causa,
614 770 687 830 est,
718 771 990 827 inferiorem
1011 772 1103 813 dis-

240 829 413 876 cedere,
440 829 572 876 vinci,
599 827 740 884 causa
754 831 934 873 cadere.
962 827 1097 870 Acad.

243 881 416 930 IV.·30.
450 886 643 928 Cederet
673 884 860 934 seilicet,
889 889 1099 927 concede·

240 947 339 989 ret,
393 955 556 983 verum
592 939 698 1000 effe,
753 944 877 998 quod
912 942 1096 984 dicitur.

241 995 295 1038 ad
317 996 420 1039 Div.
446 997 545 1041 VII.
572 999 614 1044 3.
644 997 804 1056 pudori
843 1007 987 1041 tamen
1009 1015 1097 1041 ma·

243 1052 306 1094 lui
332 1052 562 1112 famaeque
586 1059 757 1104 cedere,
790 1071 924 1114 quam
947 1055 1098 1098 salutis

243 1125 362 1151 meae
384 1111 598 1153 rationem
625 1111 798 1154 ducere.
828 1111 870 1154 h.
889 1128 925 1154 e.
950 1114 1104 1154 malui

242 1166 477 1222 consulere
495 1171 676 1223 pudori
692 1178 736 1210 et
748 1169 948 1224 famae,
967 1170 1102 1226 face-

243 1239 307 1272 re,
336 1242 348 1264 ι
367 1240 458 1268 uae
465 1230 626 1280 puclor
640 1227 830 1281 etfama
843 1225 1100 1284 postulant.

245 1241 429 1324 ‘cedere
467 1283 706 1326 interdum
739 1281 800 1341 est
817 1284 1103 1339 simpliciter

236 1352 328 1392 pro
359 1339 514 1388 abire,
557 1339 608 1382 ut
643 1342 691 1382 in
724 1341 803 1382 illo
830 1340 980 1382 cedere
1004 1340 1100 1388 vita,

242 1402 321 1437 etc.
383 1397 491 1440 Cato
524 1399 592 1440 19.
641 1396 774 1440 horae
822 1397 1004 1455 quidem
1033 1414 1104 1439 ce-

240 1455 363 1494 dunt
384 1461 425 1494 et
448 1453 537 1495 dies
562 1463 603 1496 et
627 1453 793 1496 Ilienses
809 1463 850 1495 et
875 1454 994 1496 anni.
1026 1455 1102 1497 De

229 1509 476 1565 formula:
503 1515 664 1554 cedere
682 1510 795 1560 forn,
820 1527 859 1553 υ.
874 1512 1069 1554 Forum.

299 1564 728 1612 CELEBERloeus.
760 1568 911 1611 Partit.
930 1572 999 1614 10.
1025 1585 1103 1624 op-

238 1626 433 1673 ponitur
471 1624 648 1668 deserto.
682 1627 687 1637 ’
723 1625 860 1668 Areh.
900 1627 941 1672 3.
994 1626 1101 1668 urbs

241 1683 444 1730 celebris,
472 1682 500 1723 i.
524 1698 568 1725 e.
598 1685 854 1726 abundans
877 1684 1039 1725 incolis
1059 1692 1103 1725 et

230 1738 480 1795 frequens.
538 1740 699 1782 Manil.
717 1743 785 1784 12.
816 1748 973 1798 portus
996 1743 1103 1781 cele-

241 1796 488 1838 berrimus.
504 1797 645 1840 ·Lae1.
670 1799 712 1843 3.
743 1797 835 1839 dies
863 1798 1103 1839 celeberri-

240 1865 372 1901 mus,
401 1855 585 1904 dicitur,
614 1869 706 1911 quo
716 1854 977 1910 Africanus
999 1870 1103 1896 ma-

237 1911 316 1961 jor
335 1923 367 1951 a
389 1910 594 1960 Senatu,
617 1914 814 1967 populo,
837 1910 994 1968 sociis,
1022 1917 1103 1952 etc.

240 1969 434 2009 domum
453 1971 806 2011 deductuserat.
837 1968 890 2010 ad
908 1967 1101 2011 Hei-eun.

242 2022 301 2065 ΙΙ.
333 2025 376 2068 4.
418 2023 543 2069 locus
581 2027 771 2068 celebris
802 2041 862 2067 an
891 2024 1096 2067 desertus.

228 2078 321 2123 *Sic
354 2084 459 2135 edd.
509 2098 695 2126 omnes:
743 2091 790 2125 et
808 2083 883 2139 stc
918 2083 1102 2139 aliquot

243 2138 356 2191 Iocis
378 2141 492 2182 libri
511 2140 691 2182 Taciti:
727 2141 820 2182 vid.
846 2154 970 2196 quae
994 2140 1101 2181 dixi

241 2198 309 2237 ad
327 2196 387 2238 A.
413 2197 483 2239 II.
501 2199 569 2242 88.
599 2198 789 2240 Aureae
809 2198 983 2240 aetatis
992 2195 1105 2253 scri-

239 2260 404 2307 ptores
413 2257 730 2307 masculinum
727 2252 919 2310 semper
930 2256 1105 2296 liabent

243 2309 440 2364 celeber:
477 2320 522 2353 et
546 2314 626 2354 ubi
651 2313 846 2369 quidam
863 2312 974 2354 libri
994 2310 1100 2354 cele-

243 2365 337 2409 bris
378 2371 547 2419 edunt,
588 2370 678 2412 alii
706 2376 865 2412 tamen
896 2371 1104 2412 alterum

245 2426 434 2467 habent.

304 2482 682 2530 CELEBRARE.
709 2481 791 2524 Or.
807 2481 843 2524 I.
859 2484 896 2525 1.
915 2485 1111 2526 celebra·

225 2553 298 2593 fre
331 2542 672 2588 artesss'wolere.
729 2539 910 2593 Muren.
935 2540 1008 2584 41.
1051 2539 1112 2582 fa-

234 2599 370 2638 ‘ctum
396 2595 479 2638 esse
495 2596 744 2646 Consulem,
773 2596 928 2639 nuncii
943 2597 1112 2640 literae-

248 2667 335 2709 que
358 2650 664 2712 celebraffcnt.
694 2652 737 2695 h.
762 2669 799 2696 e.
821 2655 973 2698 crebri
988 2669 1112 2696 nun-

246 2710 309 2751 cii
346 2711 601 2767 literaeque
628 2708 933 2768 nunciaffent.
992 2710 1108 2753 Sull.

245 2767 302 2810 2.
323 2781 520 2824 quorum
540 2766 683 2810 studio
707 2784 758 2810 ac
771 2768 978 2825 dignitate
998 2770 1113 2810 cele-

250 2824 387 2866 brari
411 2822 498 2866 hoc
534 2824 750 2879 judicium
774 2825 918 2867 vides:
949 2829 1008 2868 de
1031 2828 1112 2867 ad-

248 2881 447 2929 vocatis,
491 2896 595 2922 cum
613 2882 896 2937 frequentes
924 2882 1109 2938 adsunt.

251 2936 407 2981 Or.'1.
443 2937 515 2982 45.
562 2937 769 2981 senectuti
809 2943 1114 2982 celebrandae

251 2993 530 3053 perfugium,
558 2997 729 3038 dicz'tur
756 3010 854 3045 res,
885 2994 981 3052 qua
1008 2995 1114 3053 essi·-

252 3052 386 3101 citur,
413 3060 467 3094 ut
489 3051 813 3107 etiamsenum
836 3057 976 3095 aedes
1003 3056 1116 3094 cele-

252 3111 449 3152 brentur
489 3110 766 3152 adeuntium
801 3112 1113 3152 multitudine.

255 3165 382 3208 Verr.
416 3165 458 3208 Ι.
491 3168 562 3210 26.
596 3166 870 3210 Celebratur
908 3167 1114 3208 omnium

254 3222 453 3274 sermone
467 3221 715 3280 laetitiaque
726 3224 993 3273 convivium,
1011 3239 1116 3265 cum

255 3294 420 3323 omnes
451 3282 666 3323 convivae
686 3281 908 3324 hilariter
930 3283 1116 3324 multis-

255 3352 344 3392 que
369 3336 671 3392 sermonibus
715 3339 974 3381 convivium
1007 3354 1117 3393 per-

255 3401 418 3447 agunt.
449 3393 725 3439 P1·ov.Cons.
750 3396 802 3441 9..
825 3398 1117 3439 celebrantur

870 142 1321 213 v1Nnssx

1175 327 1306 356 aures
1341 326 1464 357 meae
1491 313 1618 358 novis
1646 311 2034 372 nominihusgen·

1175 370 1316 414 tium:
1347 371 1378 414 i.
1400 387 1438 414 e.
1456 371 1608 429 saepe
1635 372 1780 413 audio
1799 386 1933 413 -ηουα
1953 387 2033 414 no·

1173 443 1322 472 mma.
1847 469 1849 474 .

1232 483 1637 529 CELEBRATIO.
1679 482 1934 540 confluxus
1954 486 2036 526 ho-

1171 542 1353 591 minum
1364 545 1414 584 in
1425 546 1574 584 locum
1587 543 1806 597 aliquem.
1836 540 1949 583 Sull.
1959 543 2033 585 26.

1172 597 1299 652 Quae
1316 599 1477 642 domus
1490 601 1511 640 ?
1543 614 1654 656 quae
1669 598 1914 640 celebratio
1928 613 2036 655 quo-

1173 655 1334 698 tidiana
1344 656 1364 697 ’ἒ
1398 657 1418 674 ’“
1431 662 1681 698 conuentus
1693 656 1934 696 hominum
1935 656 2036 711 fre-

1171 727 1334 767 quens.
1389 712 1523 756 Offlc.
1549 713 1582 755 I.
1604 715 1645 755 4.
1674 711 1920 763 hominum,
1941 727 2035 755 coe·

1170 775 1242 810 tus
1275 778 1314 811 et
1339 772 1666 812 celebrationes
1690 769 1827 810 obire.

1226 826 1618 870 CELEBRITAS.

1168 883 1421 939 confluxus
1438 885 1708 935 hominum,
1735 884 1845 924 item
1854 886 1913 923 de
1924 884 2034 929 loca,

1168 941 1250 981 ubi
1257 941 1538 997 frequentes
1562 941 1805 982 convenire
1823 939 2037 981 homines

1154 995 1325 1053 solent.

1170 1056 1412 1097 celebritas
1422 1085 1434 1104 ,

1171 1109 1226 1153 ad
1270 1111 1369 1154 Div.
1395 1109 1520 1154 Vm.
1550 1113 1594 1154 2.
1636 1113 1878 1154 celebritas
1920 1109 2031 1164 judi-

1152 1166 1362 1217 ciorum,
1393 1167 1422 1209 i.
1452 1183 1487 1210 e.
1520 1169 1570 1209 in
1592 1169 1762 1224 quibus
1773 1169 1841 1224 fit
1854 1182 2036 1210 concur-

1162 1225 1253 1282 sus
1272 1227 1534 1268 hominum.
1565 1223 1696 1266 Offic.
1720 1224 1800 1267 ΠΙ.
1820 1228 1861 1268 1.
1884 1225 1931 1266 in
1945 1240 2034 1266 ma-

1175 1283 1288 1324 xima
1327 1283 1590 1324 celebritate
1633 1291 1762 1339 atque
1810 1283 1859 1323 in
1892 1280 2033 1324 oculis

1176 1339 1341 1382 civium
1364 1338 1564 1382 viximus.
1595 1337 1695 1395 Leg.
1718 1339 1773 1381 ΙΙ.
1794 1341 1865 1383 26.
1898 1338 2036 1380 subla-

1175 1404 1218 1439 ta
1259 1397 1391 1439 etiam
1429 1403 1522 1438 crat
1559 1398 1800 1440 celebritas
1839 1395 2036 1437 virorum

1175 1462 1217 1496 et
1243 1454 1512 1496 mulierum-
1536 1478 1550 1486 -
1571 1452 1700 1495 habet
1721 1453 1838 1495 enim
1863 1452 2036 1495 luctum

1176 1509 1417 1553 concursus
1429 1510 1679 1552 hominum.
1704 1513 1736 1552 d
1739 1525 1762 1551 e
1760 1511 2035 1567 funeribus.

1177 1568 1306 1611 *Osfi
1327 1567 1399 1621 Vll.
1431 1570 1499 1613 13.
1541 1565 1575 1609 fi
1619 1567 1720 1624 quis
1762 1568 1816 1610 ab
1857 1568 2037 1609 ineunte

1175 1634 1309 1668 aetate
1346 1625 1630 1667 celebritatis
1671 1622 1848 1666 'causam
1880 1639 1932 1667 ac
1962 1638 2036 1664 no·

1174 1681 1307 1724 minis
1330 1680 1469 1724 hahet.
1503 1682 1654 1738 quiab
1677 1681 1863 1722 ineunte
1883 1687 2039 1722 aetate

1174 1747 1301 1782 certa
1324 1741 1382 1780 de
1406 1738 1547 1791 caula
1565 1746 1704 1780 notus
1725 1740 1943 1780 omnibus
1958 1736 2036 1796 est.
2107 1768 2109 1773 -

1234 1787 1582 1839 CELERIPES.
1614 1797 1705 1837 Att.
1724 1794 1801 1836 IX.
1831 1797 1871 1838 7.
1903 1794 2038 1837 Venit
2102 1795 2103 1799 ’

1173 1862 1323 1896 autem
1364 1869 1414 1894 eo
1455 1851 1548 1911 ipso
1591 1851 1660 1893 die
1701 1851 1775 1894 ille
1804 1853 2037 1907 celeripes,
2096 1879 2110 1885 *-

1174 1926 1309 1969 quem
1333 1908 1506 1952 Salvius
1541 1908 1716 1951 dixerat.

1231 1966 1440 2012 CELLA.
1463 1969 1619 2010 aedes.
1644 1965 1754 2008 Phil.
1772 1965 1830 2008 ΙΙ.
1845 1967 1885 2010 8.
1909 1967 2040 2012 Cella

1173 2023 1451 2068 concordiae.
1495 2024 1678 2072 *locus,
1718 2023 1798 2065 ubi
1823 2025 2039 2066 conditur

1172 2083 1221 2125 in
1242 2080 1356 2139 usus
1366 2081 1568 2138 ficturos
1595 2096 1636 2123 υ.
1661 2097 1696 2123 c.
1718 2081 2036 2137 frumentum,

1171 2147 1258 2182 aut
1283 2139 1455 2181 uinum.
1495 2139 1543 2181 in
1568 2137 1726 2181 Caecil.
1745 2140 1813 2181 10.
1843 2138 2040 2180 frumen-

1175 2205 1272 2240 tum
1295 2196 1343 2238 in
1363 2199 1552 2246 cellam,
1594 2194 1678 2254 est,
1709 2198 1833 2252 quod
1854 2197 2041 2251 prouin-

1173 2256 1284 2297 ciali
1310 2252 1610 2313 magistratui
1627 2269 1661 2294 a
1675 2253 2047 2306 provincialibus·

1173 2315 1344 2360 datur,
1374 2315 1500 2353 unde
1519 2325 1622 2353 cum
1633 2309 1742 2366 suis
1759 2325 1937 2366 panem
1958 2313 2041 2354 Ιια-

1181 2372 1303 2412 beat.
1335 2383 1376 2409 v·
1400 2369 1602 2411 Cibaria.

1242 2424 1484 2470 CELSUS.
1516 2425 1599 2467 Or.
1621 2424 1657 2466 I.
1683 2424 1753 2468 40.
1784 2422 1892 2466 haec
1919 2422 2041 2479 igno-

1180 2491 1354 2525 rantem
1392 2490 1589 2525 ereetum
1628 2490 1671 2523 et
1699 2479 1866 2538 celsum
1894 2480 2040 2538 vagari

1181 2554 1337 2596 magna
1360 2554 1466 2582 cum
1489 2547 1656 2582 caterva
1687 2547 1778 2580 toto
1811 2538 1925 2579 foro.
1957 2546 2040 2580 eto.

1182 2600 1241 2639 de
1271 2596 1436 2639 habitu
1453 2596 1657 2639 hominis
1663 2596 1764 2654 fibi
1784 2598 1920 2637 valde
1943 2608 2043 2637 con·

1167 2653 1383 2711 fidentis.
1441 2654 1518 2697 Sic
1553 2660 1596 2694 et
1625 2652 1725 2694 Liv.
1763 2651 1932 2697 XXX.
1968 2653 2041 2699 32.

1183 2718 1305 2754 extr.
1336 2712 1418 2753 ubi
1449 2727 1487 2751 v.
1511 2710 1694 2753 Duker.

1242 2766 1499 2811 CENSEO.
1530 2767 1584 2810 ad
1597 2767 1698 2810 Div.
1714 2766 1791 2808 IX.
1804 2769 1849 2811 2.
1874 2765 2042 2824 tibiigi-

1184 2835 1260 2870 tur
1293 2823 1379 2868 hoc
1409 2824 1581 2880 censeo.
1626 2823 1752 2867 Catil.
1775 2823 1854 2866 [V.
1881 2826 1922 2869 6.
1950 2839 2043 2879 pro
2097 2843 2100 2847 ·

1185 2881 1345 2932 credo,
1361 2875 1744 2946 fine’regimine.
1804 2880 1972 2924 *Arch-
1998 2883 2041 2925 6.
2119 2890 2123 2898 '

1185 2957 1234 2983 ex
1255 2939 1322 2981 his
1345 2939 1495 2982 studiis
1510 2939 1615 2983 haec
1638 2954 1818 3006 quoque
1838 2938 2046 2995 censetur
2114 2954 2123 2967 ³

1186 2997 1328 3039 oratio
1360 3006 1402 3040 et
1427 2997 1638 3047 facultas,
1677 3014 1706 3038 1.
1731 3013 1767 3038 e.
1791 3004 1899 3044 aut,
1920 2995 2048 3051 judi-

1186 3062 1343 3102 catur,
1381 3055 1684 3113 aestimatur,
1726 3061 1779 3095 ut
1811 3055 2043 3096 Budaeus

1187 3114 1528 3166 interpretatur
1549 3115 1615 3155 ad
1625 3111 1893 3155 Pandectas
1907 3126 1954 3166 p.
1976 3125 2041 3160 m.

1188 3171 1258 3214 16.
1291 3185 1380 3225 quo
1406 3169 1530 3212 sensu
1553 3169 1612 3211 eit
1635 3168 1823 3211 etiam-in
1835 3165 2042 3209 paradox.
2082 3218 2090 3225 .

1187 3225 1268 3267 Vl.
1281 3228 1325 3269 2.
1356 3228 1414 3286 cf.
1439 3229 1675 3271 Scliwarz.
1699 3229 1766 3268 ad
1783 3225 1900 3268 Plin.
1923 3222 2046 3266 Pan.

1184 3300 1233 3339 p·
1268 3284 1339 3329 33.
1370 3294 1478 3336 aut,
1519 3286 1570 3327 in
1598 3280 2048 3340 horumstudiorum

1187 3355 1356 3393 genere
1375 3345 1587 3398 ponitur.
1640 3339 1734 3400 *est
1757 3341 1899 3381 ettam
1920 3354 2050 3382 voca-

1189 3400 1351 3442 bulum
1367 3401 1620 3457 proprium
1633 3399 1928 3447 Senatorum,
1945 3411 2052 3440 cum

1940 3453 2053 3512 sen-

1473 3598 1502 3633 Ι

1684 833 1937 867 conventus
1992 832 2037 867 et
2106 836 2124 853 ³

1385 995 1516 1040 Tusc.
1534 996 1645 1042 v.3.
1671 996 1802 1038 totius
1823 993 2034 1039 Graeciae
2091 1026 2099 1035 .

1490 1057 1550 1095 de
1600 1055 1728 1095 ludis
1768 1054 2034 1108 olympicis.
2104 1064 2124 1083 --2
