2144 3600
193 88 228 137 6
898 77 1279 139 tND'Ex

82 270 85 273 >
186 244 352 306 staret
365 246 618 308 servatum
643 244 739 308 esse
761 247 823 293 cle
847 245 1023 294 coelo?
1055 240 1190 294 Phil.
1220 240 1286 296 ll.
1314 242 1399 293 32.
1442 248 1751 312 quisquamne
1776 246 2006 294 divinare

198 317 386 378 potest,
426 321 536 377 quid
571 319 684 364 vitii
718 321 767 363 in
792 314 1020 380 auspiciis
1028 320 1264 377 futurum
1279 315 1380 377 fit,
1419 316 1507 375 mfi
1532 322 1632 382 quis
1660 321 1722 365 de
1750 320 1883 364 coelo
1897 318 2002 378 ser·

202 404 322 435 vare
355 388 641 450 constituit?
676 383 820 436 Nam
858 387 951 452 qui
987 386 1086 437 hoc
1115 386 1403 450 constituit,
1454 403 1516 438 eo
1546 387 1728 437 animo
1759 385 1913 449 facit,
1949 388 2006 434 ut

202 455 462 523 impediat
509 457 754 520 comitia,
802 458 945 519 unde
994 457 1162 510 facitis
1196 457 1465 508 divinatio.
1540 459 1603 510 cf.
1636 477 1687 527 p.
1722 456 1885 508 Dom.
1925 455 2007 507 15.

201 526 349 577 Haec
383 527 768 579 confirmantur
808 530 1014 596 egregio
1051 530 1165 581 loco
1199 528 1391 580 Dionis
1429 526 1566 583 Cass.
1602 529 1665 596 L.
1694 527 2007 579 XXXVlll.

201 600 360 667 p..66.
403 613 528 653 extr.
568 601 671 661 (ed.
699 601 931 653 Reimar.
971 621 1022 669 p.
1051 606 1166 655 160.
1195 602 1331 667 init.)
1372 602 1438 652 de
1477 602 1590 669 lege
1615 622 1647 653 a
1671 580 1858 653 Clociio
1885 599 2008 662 lata,

202 689 310 738 qua
337 668 525 724 solutus
553 673 621 734 est
648 693 678 726 a
702 673 812 740 lege
843 673 1010 726 Aelia.
1042 717 1045 727 ,
1085 675 1471 740 Porroservare
1494 683 1558 725 de
1582 681 1716 726 coelo
1742 674 1809 724 est
1832 672 2011 738 magi·
2055 706 2064 716 .

174 787 177 791 .
207 744 488 810 stratuum,
543 758 618 808 et,
655 745 693 795 fi
724 746 1051 811 magistratus
1084 746 1292 815 jubeat,
1336 745 1649 812 Augurum:
1700 744 2012 808 unde-male

204 807 444 864 nonnulli
483 818 717 882 primum
745 830 898 885 caput
933 817 1059 883 legis
1083 817 1268 869 Aeliae
1294 817 1360 869 fic
1385 819 1718 886 concipiunt,
1757 833 1809 869 ut
1831 819 2009 883 Augu-

207 905 285 946 res
310 893 373 939 de
396 892 819 952 coeloservarent.
894 889 1080 955 ltaque
1109 901 1160 940 et
1176 887 1445 941 Tribunus
1462 889 1529 957 pl.
1546 889 1756 942 Sextius
1781 888 1847 938 de
1867 887 2013 938 coelo

206 954 424 1009 servasse
455 958 704 1021 traditur.¹
765 959 907 1011 Sext.
943 965 1029 1012 36.
1102 959 1340 1028 Augures
1379 979 1536 1029 porro
1573 967 1802 1012 nuntiare
1824 960 2014 1010 vitium

208 1027 562 1097 auspiciorum
599 1030 802 1099 poffunt
834 1032 1186 1099 magistratui,
1243 1031 1327 1084 sed
1364 1052 1472 1083 non
1516 1039 1832 1096 obnuntiare,
1884 1031 1933 1081 h.
1970 1047 2014 1081 e.

211 1100 383 1171 dicere
423 1108 521 1154 alio
556 1110 664 1154 die:
703 1102 803 1167 lton
837 1104 906 1154 est
943 1104 1327 1170 magistratibus
1351 1106 1645 1174 proprium.
1678 1103 1811 1155 Phil.
1841 1102 1905 1153 ll.
1932 1106 2017 1154 32.
2080 1112 2081 1116 ’

386 1171 657 1226 AELIA
693 1175 1050 1228 SENTIA.
1122 1175 1304 1245 Topic.
1343 1194 1386 1230 c.
1403 1182 1453 1229 2.
1491 1178 1640 1246 jubet
1659 1178 1844 1242 assiduo
1860 1181 2021 1226 viudi-

211 1266 316 1303 cem
355 1247 592 1308 affiduum
632 1253 753 1312 effe,
808 1247 856 1300 h.
889 1265 931 1298 e.
960 1246 1277 1315 locupletem
1300 1247 1575 1317 locupleti,
1615 1267 1676 1300 ex
1704 1251 2020 1315 interpreta-

212 1317 353 1368 tione
391 1315 546 1376 Aelii.
619 1322 740 1371 Lex
764 1322 923 1371 Aelia
953 1320 1122 1370 Sentia
1147 1320 1211 1370 de
1234 1319 1728 1373 manumissionibus
1751 1317 1873 1370 satis
1896 1330 2020 1367 nota

213 1384 480 1452 estJCus3
517 1388 601 1440 sed
640 1407 702 1441 ea
739 1392 808 1442 est
829 1387 1122 1443 ,Consulum
1156 1389 1219 1443 A.
1242 1391 1314 1448 U.
1336 1390 1603 1447 DCCLV.
1641 1391 1877 1458 adeoque
1912 1389 2021 1457 post

212 1473 442 1531 mortem
472 1459 767 1528 Ciceronis,
806 1476 1044 1532 tempore
1074 1461 1322 1530 Augusti,
1360 1464 1481 1518 lata.
1554 1466 1735 1527 Portu,
1773 1460 2023 1514 Consules

213 1532 429 1592 Aelium
460 1547 532 1600 et.
577 1533 822 1586 Sentium
873 1536 1140 1602 quendam
1188 1534 1369 1600 fimul'‚
1423 1548 1544 1589 ante
1584 1535 1785 1604 Topica
1814 1533 2026 1602 scripta,-

215 1601 380 1671 fuiss'e',
414 1618 501 1658 aut
524 1605 810 1672 Praetores,
852 1607 1145 1661 aut'l'ribb.
1169 1607 1267 1676 pl.,
1306 1614 1455 1675 (nam
1480 1621 1528 1660 et
1551 1627 1584 1660 a
1606 1607 1810 1666 duobus
1834 1605 2020 1657 Trihb.

219 1677 289 1748 pl.
333 1677 473 1745 leges
514 1681 814 1742 nominari,
855 1679 934 1730 lex
966 1678 1224 1732 Carbonis
1266 1693 1314 1732 et
1349 1679 1559 1732 Silvani
1597 1681 1767 1745 docet)
1801 1697 1907 1742 non
1932 1694 2023 1729 re-

219 1751 472 1819 perimus,
547 1751 731 1818 Itaque
757 1770 877 1803 cum
905 1771 936 1804 a
963 1752 1274 1811 melioribus
1303 1749 1468 1803 Codd.
1493 1771 1690 1804 nomen
1718 1751 1875 1821 hujus
1897 1749 2023 1817 legis

219 1821 376 1886 ahfit,
411 1839 579 1889 eaque
617 1823 727 1888 lex,
765 1842 898 1891 quae
922 1823 1122 1887 asfiduo
1150 1824 1294 1894 jubet
1317 1823 1581 1876 assiduum
1610 1823 1877 1876 vindicem
1910 1822 2024 1885 effe,

219 1893 282 1951 stt
330 1912 358 1945 e
396 1893 502 1946 ΧΠ
540 1894 709 1949 Tabb.
753 1898 939 1965 petita,
992 1897 1090 1948 hoc
1123 1896 1250 1965 legis
1286 1915 1483 1949 nomen
1519 1916 1627 1947 non
1663 1896 1825 1965 potest
1859 1894 1960 1947 effe
1991 1912 2026 1945 a

147 2004 149 2006 ψ
222 1964 493 2025 Cicerone.
582 1964 923 2037 Co'rruptioni
985 1968 1157 2020 locum
1221 1970 1612 2023 dedit,nomen
1661 1967 1830 2031 Aelii,
1884 1967 2026 2033 quod

141 3458 186 3468 ,κ-

112 3514 119 3520 ’
178 3520 187 3532 7
228 3486 303 3533 [XX

222 2039 394 2109 statim
427 2037 710 2108 ¹subjicitur.
783 2040 930 2092 Nam
967 2041 1110 2110 quod
1134 2039 1371 2097 Norifius
1399 2038 1536 2096 Cen.
1562 2038 1659 2093 Pis.
1685 2038 1944 2094 Disfijll.
1973 2043 2023 2090 9.

229 2112 447 2181 Sentium
465 2110 563 2162 effe
587 2124 737 2182 putat
760 2131 791 2164 a
811 2114 1046 2178 librario,
1080 2119 1290 2166 Aeliam
1313 2113 1409 2166 effe
1435 2116 1516 2183 jus
1532 2113 1850 2174 Aelianum3
1882 2109 2029 2180 quod

223 2182 375 2236 valde
412 2184 649 2251 placebat
689 2184 999 2250 Heineccio:
1040 2186 1115 2246 ,id
1147 2185 1360 2255 probari
1398 2186 1674 2255 propterea
1709 2203 1814 2235 non
1850 2183 2028 2253 potest,

223 2258 350 2324 quia
388 2256 468 2308 lex
511 2265 929 2311 commemorata
966 2259 1035 2319 est
1068 2258 1180 2322 lex,
1217 2276 1352 2326 quae
1389 2261 1603 2328 proprie,
1637 2258 1831 2310 dicitur
1861 2274 1889 2306 e
1922 2254 2029 2305 XII

226 2327 461 2383 Tabulis,
538 2326 1016 2397 J.Cannegieterus
1039 2330 1101 2384 V.
1129 2328 1188 2383 C.
1213 2331 1281 2384 de
1302 2329 1660 2400 Notis,p.3l6.
1687 2340 1867 2393 tentat,
1905 2332 2027 2381 Lex

209 2410 361 2474 'apud
382 2403 592 2455 Aelium
621 2406 843 2455 Sextum.
915 2402 1039 2454 Non
1064 2402 1250 2471 placet.

400 2470 880 2530 AGRARIAE.
955 2480 1230 2539 Flaminii,
1274 2468 1584 2545 Sempronia,
1611 2477 1828 2537 ,Ther-ia,
1865 2476 2030 2534 Rulli,

230 2548 426 2609 Flavii,
462 2550 715 2614 Philippi,
752 2551 946 2610 Plotia,
993 2551 1218 2613 Caesaris
1246 2545 1411 2609 Iulia,
1449 2545 1513 2596 de
1537 2544 1726 2612 quibus
1752 2544 1784 2597 s.
1812 2544 1843 2598 l.
1917 2541 2030 2593 Le-

231 2634 355 2683 gum
402 2619 729 2684 agrariarum
770 2618 1065 2686 fragmenta
1110 2617 1192 2668 vel
1229 2617 1366 2684 leges
1401 2617 1640 2683 collectas
1679 2617 1938 2670 habemus
1975 2616 2031 2664 in

232 2685 407 2759 Goefii
448 2690 635 2757 lfrriptt.
661 2692 737 2743 rei
764 2692 1002 2756 agrariae
1028 2693 1232 2758 ‚p..329.
1258 2689 1330 2758 sq.
1354 2742 1357 2747 ,
1395 2735 1398 2740 ,

269 2791 294 2830 ὲ;
328 2812 332 2815 ,
405 2758 826 2814 ANNALES
866 2762 1010 2826 sunt,
1057 2763 1248 2830 quibus
1268 2761 1597 2814 constitutum
1623 2760 1722 2824 est,
1756 2777 1862 2828 quo
1888 2776 2030 2811 anno

234 2833 437 2902 ctquue',
461 2836 790 2902 magistratus
829 2851 999 2904 petere
1034 2834 1235 2887 liceret:
1282 2830 1392 2902 quov
1422 2833 1461 2884 fi
1496 2835 1611 2901 quis
1646 2844 1877 2898 creatur,
1914 2851 1961 2883 v.
1988 2849 2030 2883 c.

228 2902 457 2974 Consul,
495 2929 624 2970 anno
651 2914 742 2974 suo
781 2904 967 2958 Consul
1009 2906 1173 2959 sactus
1215 2904 1312 2958 esse
1352 2894 1568 2970 dicitur,
1605 2905 1713 2963 vi'd,
1736 2902 1860 2971 Agr.
1893 2903 1956 2954 ll.
1982 2906 2032 2959 2.

234 2977 342 3042 Eas
382 2979 731 3045 leges‘attulit
771 2980 1017 3044 ambitio,
1057 2991 1115 3030 ut
1155 2979 1343 3046 gradus
1381 2977 1534 3028 efl'ent
1571 2978 1846 3045 petitionis.
1905 2974 2032 3039 [Cic.

238 3050 371 3104 Phil.
401 3050 462 3104 V.
488 3070 529 3104 c,
552 3055 630 3103 17.
668 3051 758 3120 R.]
833 3052 978 3113 Tulit
993 3053 1197 3120 primus
1218 3051 1511 3103 accuratius
1535 3053 1736 3114 Villius,
1771 3048 2036 3117 Tribunus

238 3121 337 3193 pl..
359 3121 421 3180 A..
441 3123 699 3176 Postumio
713 3124 906 3175 Albino
932 3138 979 3175 et
1003 3123 1068 3192 Q
1083 3124 1268 3174 Fulvio
1285 3122 1470 3173 Flacco
1483 3118 1630 3185 Coss'„
1668 3123 1758 3190 qui
1784 3123 2032 3173 indeAn-

242 3202 362 3261 uagis
385 3196 548 3247 dictus
564 3197 646 3260 est,
675 3198 817 3264 quod
844 3214 1034 3248 nomen
1053 3195 1291 3248 familiae
1315 3195 1490 3246 haesit.
1539 3190 1655 3245 Liv.
1684 3193 1746 3245 L.
1762 3191 1879 3244 XL.
1894 3191 2036 3246 c.44.

236 3261 523 3405 Qut.
548 3268 613 3320 de
642 3264 800 3337 Legg.
826 3289 867 3322 c.
893 3275 940 3323 62
1018 3267 1162 3320 Nam
1179 3266 1464 3333 etstLivius
1489 3267 1519 3320 l.
1543 3285 1583 3320 c.
1611 3268 1847 3337 pri-mum
1878 3265 1944 3317 ab
1975 3282 2037 3314 eo

1970 3336 2000 3385 d
2009 3354 2035 3386 c

306 3528 339 3551 *x
