2144 3600
284 132 354 182 28
997 127 1382 181 INDEX

282 283 459 346 Iunia,
500 280 640 332 unde
676 292 899 351 utraque
932 282 1012 333 lex
1049 281 1201 353 saepe
1235 284 1468 360 jungitur
1495 301 1526 336 a
1553 282 1825 347 Cicerone,
1864 286 1998 339 Phil.
2025 287 2091 341 V.

282 359 331 409 8.
369 371 464 424 pro
501 352 643 405 Sext.
678 354 764 406 64.
787 355 855 406 ad
883 353 1037 407 Attic
1070 356 1161 409 lV.
1194 359 1275 409 16.
1299 356 1365 411 ll.
1393 359 1442 410 9.
1482 357 1654 410 Vatin.
1684 377 1724 411 c.
1759 357 1838 411 14.

454 421 799 478 LICINIA
841 429 1003 493 Crassi
1025 426 1498 492 oratoris,s1milis
1521 435 1786 495 Aebutiae,
1825 448 1933 498 qua
1955 449 2087 482 cau-

279 511 395 550 tum
431 498 527 561 est,
546 509 631 548 ne
669 499 746 562 ei,
781 501 873 569 qui
911 501 976 552 de
1015 499 1193 569 aliqua
1231 503 1499 553 curatione
1535 521 1596 554 ac
1633 471 1877 571 potestate
1913 503 2089 571 ierret,

280 569 514 637 collegis,
576 572 835 638 cognatis,
892 571 1141 624 affinibus
1193 589 1313 625 eam
1347 575 1650 644 potestatem
1697 576 2090 628 curationemve

278 643 533 694 mandare
571 642 765 697 liceret.
835 641 917 713 Ag
922 664 958 696 r.
995 645 1062 698 ll.
1087 649 1134 699 8.
1174 663 1271 715 pro
1296 646 1477 697 Domo
1504 650 1590 700 20.

449 711 697 767 LIClN
715 713 803 768 ῙΑ
827 663 917 768 deg
913 724 1111 780 ambitu,
1148 730 1200 770 et
1226 718 1441 786 quidem
1469 724 1600 785 deso
1606 724 1812 782 dalitiis,
1850 718 1958 770 lata
1985 714 2082 774 Cn.

275 787 533 858 Pompejo
573 799 625 839 et
666 787 744 839 M.
781 785 957 843 Crass'o
986 787 1116 842 Coss.
1155 789 1216 842 A.
1242 790 1314 849 U.
1340 788 1694 844 DCXCvtfl.
1733 758 1837 841 vid.
1862 790 2084 858 Argum.

275 859 383 917 Or..
413 878 508 929 pro
541 859 774 914 Plancio,
848 860 993 913 Nam
1028 879 1089 913 ex
1129 879 1190 914 ea
1213 861 1325 930 lege
1349 861 1614 915 accusatus
1648 863 1716 914 est
1741 879 1773 913 a
1795 860 2083 916 Laterense

271 931 528 986 Plancius.
580 930 712 985 Erat
744 944 921 986 autem
949 934 1030 987 lex
1056 904 1391 1000 severiTfima,
1417 948 1467 987 et
1492 942 1716 989 editicios
1730 943 1861 1000 judi
1862 958 1924 988 es
1950 954 2083 986 con—

272 1005 515 1071 cedebat,
553 1004 607 1057 h.
644 1023 688 1058 e.
724 1023 844 1070 eos,
880 1025 1014 1079 quos
1055 1005 1317 1059 accusator
1351 1004 1612 1073 edidiffet,
1650 1025 1772 1060 cum
1811 1008 1867 1057 in
1897 1011 2077 1060 ceteris

269 1078 499 1147 judiciis,
535 1079 622 1146 qui
647 1091 888 1147 praeerat
909 1080 1118 1165 judicie,
1155 1079 1420 1133 sortiretur
1445 1081 1664 1149 judices,
1702 1097 1821 1132 reus
1846 1090 1894 1130 et
1911 1096 2074 1131 accu-

268 1150 430 1213 sator,
469 1169 599 1217 quos
636 1149 854 1216 vellent,
895 1154 1195 1235 rejicerent,
1233 1152 1378 1221 quod
1403 1153 1569 1204 multo
1605 1154 1825 1221 aequius
1855 1152 2076 1204 videtur.

269 1221 376 1273 Sed
401 1190 651 1286 S’enatus,
698 1225 842 1274 cuius
840 1192 1003 1274 bona
1026 1223 1290 1276 voluntate
1315 1224 1444 1278 haec
1469 1225 1549 1275 lex
1577 1225 1681 1277 lata
1708 1225 1793 1287 est,
1830 1235 2074 1292 propter-

267 1311 332 1346 ca
365 1295 419 1344 in
465 1294 563 1345 hac
599 1292 754 1346 causa
779 1296 1013 1347 editicios
1041 1296 1238 1365 judices
1263 1297 1348 1348 edi
1370 1295 1606 1360 volebat,
1639 1297 1776 1363 quod
1806 1296 2076 1346 existima-

265 1365 385 1430 bat,
422 1365 458 1417 fi
486 1384 576 1417 reo
603 1367 803 1436 judices
840 1367 908 1418 ab
933 1366 1228 1429 accusatore
1258 1366 1956 1432 ederenturpaccusatorem
1983 1385 2072 1419 eos

265 1438 533 1491 editurum
559 1456 620 1490 ex
648 1439 713 1491 iis
736 1439 992 1505 tribubus,
1021 1459 1151 1509 quas
1172 1459 1292 1493 reus
1314 1440 1589 1508 largitione
1613 1440 1878 1492 devinctas
1902 1438 2074 1490 habe-e

262 1523 355 1564 ret.
446 1511 526 1562 Ita
565 1510 707 1576 sore,
754 1525 811 1564 ut
847 1514 1013 1564 iidem
1050 1525 1099 1564 et
1134 1514 1282 1565 testes
1323 1526 1372 1564 et
1407 1513 1603 1582 judices
1638 1511 1808 1564 effent.
1882 1509 2073 1580 Neque

261 1601 387 1635 vero
414 1584 664 1651 cuiquam
692 1585 882 1645 melius
911 1586 977 1638 de
1002 1585 1275 1652 largitione
1301 1585 1438 1638 facta
1463 1585 1691 1637 constare
1715 1582 1869 1653 poffe,
1905 1601 2070 1651 quam

259 1655 556 1709 tribulibus.
629 1655 816 1725 Itaque
841 1655 1025 1711 Cicero
1050 1655 1393 1711 Laterensem
1408 1657 1760 1727 reprehendit,
1800 1655 1907 1723 qui,
1946 1673 2070 1708 cum

259 1727 537 1782 Plancium
587 1745 650 1779 ex
697 1730 799 1782 hac
849 1729 960 1798 lege
999 1728 1287 1797 accusaret,
1345 1748 1454 1781 non
1492 1747 1579 1782 eas
1614 1729 1778 1779 tribus
1815 1726 2077 1799 edidiffet,
2143 1767 2144 1787 J

256 1820 390 1871 quas
440 1801 689 1854 maxime
718 1801 968 1854 clamaret
1011 1815 1277 1872 corruptas
1309 1802 1432 1866 effe,
1482 1800 1568 1853 sed
1606 1801 1762 1868 longe
1799 1799 1953 1852 alias.
2000 1818 2065 1852 ex

255 1892 364 1945 quo
404 1871 749 1941 intelligatur,
802 1892 941 1927 eum
966 1894 1070 1926 non
1112 1886 1225 1927 tam
1264 1873 1436 1942 legem
1474 1875 1539 1925 de
1575 1872 1853 1938 sodalitiis,
1901 1890 2065 1940 quam

255 1946 491 2000 editicios
537 1944 738 2017 judices
785 1946 1017 2002 secutum
1057 1947 1170 2000 ess'e.
1241 1948 1344 1998 vid.
1383 1965 1480 2016 pro
1517 1946 1734 1997 Plancio
1771 1947 1938 1998 c.15.
1984 1949 2062 1997 16.

252 2016 389 2088 sqq.
430 2036 493 2071 ex
530 2027 635 2087 quo
673 2019 816 2085 loc0,
855 2032 944 2071 aut
977 2021 1244 2083 oratione,
1279 2019 1432 2088 hujus
1469 2019 1596 2086 legis
1630 2017 1764 2068 ratio
1788 2019 1942 2067 unice
1966 2035 2063 2067 co·-

253 2089 550 2159 gnoscenda
568 2092 671 2221 2est.
745 2091 830 2147 De
868 2092 970 2147 hac
1000 2092 1112 2163 lege
1139 2091 1279 2165 capit
1306 2095 1472 2147 etiam
1502 2091 1561 2143 P.
1584 2089 1857 2186 Manutius
1881 2089 2061 2141 locum

247 2162 415 2219 Coelii
454 2181 481 2218 e

422 2183 746 2289 ΒΙῩΙΑΕ
783 2232 938 2305 leges,
976 2255 1205 2305 quarum
1224 2220 1442 2294 mentio
1466 2253 1549 2308 ap.
1575 2233 1684 2288 Cic.
1710 2235 1776 2287 de
1799 2223 1960 2303 Legg.
1986 2234 2058 2288 Π.
2098 2252 2101 2267 ³

248 2311 299 2362 6.
346 2320 398 2360 et
436 2309 502 2360 in
529 2303 882 2362 Cornelianae
922 2312 964 2363 Ι.
999 2311 1334 2376 fragmentis,
1386 2307 1503 2360 sunt
1536 2312 1681 2361 Livii
1716 2310 1878 2370 Drufi
1908 2307 2056 2360 Trib.

247 2381 416 2452 plebis
455 2378 679 2434 seditiofi
714 2380 779 2435 A.
823 2381 895 2439 U.
932 2376 1208 2437 DCLXH.
1245 2401 1353 2447 non
1378 2380 1648 2454 perlatae.
1700 2375 1845 2430 Tulit
1870 2392 2055 2431 autem

234 2459 656 2521 frumentariam,
677 2453 741 2509 de
756 2461 861 2522 qua
885 2453 1066 2525 supra3
1085 2460 1427 2522 judiciariam,
1460 2465 1563 2521 qua
1583 2452 1781 2522 judicia
1810 2471 2055 2503 commu-

245 2527 338 2577 nia
367 2524 524 2579 effent
560 2519 885 2580 senatoribus
908 2539 957 2577 et
982 2527 1271 2595 equitibus3
1304 2527 1434 2578 item
1459 2548 1554 2592 agr
1557 2532 1716 2578 ariam
1741 2524 1805 2575 de
1836 2525 2054 2576 coloniis

245 2597 567 2653 deducendis
602 2603 697 2670 per
724 2598 934 2652 ltaliam
971 2612 1023 2651 et
1055 2598 1327 2661 Siciliam3
1364 2609 1416 2649 et
1437 2599 1584 2650 alias,
1658 2594 1843 2648 Cicero
1871 2609 2052 2648 autem

244 2670 342 2724 loc.
380 2673 462 2722 cit.
497 2671 625 2724 dicit
656 2671 750 2725 has
772 2672 925 2739 leges
939 2683 989 2723 et
1012 2670 1263 2742 Apuleias
1286 2669 1560 2737 Titiasque
1585 2691 1678 2720 uno
1708 2672 1916 2721 Senatus
1941 2691 2048 2721 ver-

152 2767 159 2774 „
232 2745 306 2810 fi
293 2749 389 2796 ulo
427 2740 671 2797 sublatas
692 2743 816 2809 effe,
853 2744 903 2796 h.
943 2762 986 2797 e.
1024 2742 1270 2816 permifl'a
1304 2739 1434 2804 Coss'.
1468 2741 1768 2811 republica,
1803 2741 1903 2793 hac
1936 2742 2051 2792 for-

241 2814 412 2871 uiula:
476 2814 736 2870 Videant
753 2814 1031 2884 Consules,
1087 2832 1157 2869 ne
1199 2813 1332 2890 quid
1375 2814 1676 2907 detrimenti
1726 2814 1901 2883 capiat
1937 2831 2053 2865 res-

238 2888 465 2963 publica.
500 2889 567 2940 cf.
597 2888 631 2945 l.
656 2908 697 2943 c
735 2907 777 2946 c
809 2893 890 2943 12.

415 2953 785 3018 LURCON
803 2962 878 3013 IS
903 2961 983 3013 lex
1011 2970 1074 3014 de
1090 2968 1277 3014 ambitu
1290 2959 1396 3012 lata
1409 2958 1478 3009 est
1491 2957 1557 3009 ab
1571 2959 2047 3022 AufidioLurcone,

241 3034 386 3088 unde
418 3035 632 3096 Aufidia
657 3035 859 3097 dicitur,
893 3032 957 3086 A.
984 3035 1054 3089 U.
1081 3030 1346 3087 DCXCll
1370 3029 1562 3085 Pisone
1577 3045 1635 3083 et
1656 3030 1874 3090 Meffala
1898 3029 2046 3095 Go‘ff..

238 3124 379 3176 quae
401 3106 569 3174 qualis
594 3099 770 3168 fuerit,
806 3106 1127 3173 cognolcitur
1156 3126 1216 3158 ex
1241 3104 1338 3173 Ep
1364 3104 1431 3154 ad
1454 3103 1558 3156 Att.
1586 3104 1625 3155 Ι.
1657 3107 1702 3156 1.

414 3177 719 3247 LUTAss
733 3177 822 3231 ΙΑ
858 3178 938 3228 vel
972 3180 1020 3233 Ι
1031 3176 1329 3233 ΠΟΤΑἸ
1348 3174 1454 3239 ΙΑ,
1490 3176 1595 3228 lata
1625 3181 1690 3251 Q.
1714 3181 1927 3229 Lutatio
1949 3177 2043 3227 Ca-

239 3259 342 3304 tulo
385 3264 434 3304 et
470 3238 549 3304 M.
591 3250 826 3310 Aemilio
863 3247 993 3302 Coff.
1036 3251 1098 3304 A.
1138 3251 1209 3307 U.
1250 3218 1572 3301 DCLX'XV.
1605 3257 1668 3300 de
1695 3256 1768 3313 υἱ,
1794 3247 2044 3299 acerbior

244 3329 445 3389 Plutia,
506 3327 614 3395 qua
661 3322 914 3378 sancitum
958 3324 1053 3389 est,
1103 3334 1160 3376 tit
1196 3326 1356 3375 etiam
1394 3322 1529 3375 sestis
1567 3322 1749 3374 diebus
1786 3320 2043 3443 1υς1159ζε,

1858 3412 1946 3462 qni
1990 3412 2047 3444 us
