2124 3640
227 122 357 179 536·

234 276 520 321 condonetur.
578 276 723 320 Pelliti
747 274 867 334 sunt
885 277 1094 332 proprie,

232 336 433 389 pellibus
457 349 546 389 pro
564 333 679 394 veste
704 335 824 384 tecti,
852 342 903 376 ut
924 333 1093 393 rustici,

232 393 318 448 qui
325 393 436 434 inde
447 393 841 445 pellitidicuntur.
872 391 967 435 Sed
981 392 1094 447 quia

233 450 312 491 hic
347 451 498 491 cultus
525 448 588 508 est
625 450 766 491 etiam
796 450 854 491 ils
879 450 1093 502 gentibus

234 520 517 556 communzs,

181 608 187 622 ι
233 571 277 604 et
290 565 350 604 ab
373 565 458 604 hoc
471 565 747 606 humaniori
757 567 882 605 cultu
898 562 1068 618 absunt
1082 577 1096 604 .·

232 629 484 673 propterea
507 622 705 663 barbari
725 621 888 669 etiam,
917 626 970 661 ut
993 622 1041 662 Ιι.
1056 621 1090 662 l.
1121 652 1123 655 ι

218 675 341 733 sunt
376 678 539 731 pelliti.
597 678 674 720 Sic
717 691 794 720 eos
830 677 1094 732 appellavit

232 735 374 776 etima
387 735 684 777 Claudianus
702 738 769 782 de.
782 733 871 777 IV.
903 732 1090 791 Consul.

232 791 443 835 Honorii
467 809 505 834 υ.
540 791 641 836 466.
699 790 780 850 Est
813 799 976 833 autem
1007 806 1088 845 ap.

235 849 502 895 Ciceronem
517 848 678 905 sermo
706 853 765 891 de
785 849 980 897 Sardis,
1010 848 1096 903 qui

229 907 386 961 pelliti
404 906 572 963 diserte
591 914 818 950 vocantur
836 910 971 961 apud
991 906 1092 948 Liv-

232 963 519 1007 ΧΧ111.40.
549 980 591 1006 υ.
618 965 681 1006 ibi
701 965 905 1007 Gronov.
931 964 1093 1007 aCice‘·

230 1035 346 1065 r-one
377 1021 495 1063 alibi
525 1020 798 1071 mastrucati‚
828 1037 868 1064 υ.
893 1019 1093 1078 Mastra-

211 1093 285 1122 .oa
299 1095 312 1121 .·
328 1077 418 1136 Jed
440 1080 658 1133 inprimis
681 1079 916 1122 Patricius
926 1082 993 1122 ad
1003 1079 1089 1122 Fr.

162 1143 164 1145 '
232 1135 324 1179 Or..
338 1151 427 1191 pro
454 1136 637 1180 Scauro
665 1138 717 1180 T.
743 1136 842 1179 III.
873 1136 926 1179 P.
939 1136 1011 1179 ΙΙ.
1039 1151 1089 1191 p.

231 1196 356 1238 1016.
388 1196 460 1236 ed.
487 1194 659 1238 Graev.
700 1197 814 1238 add.
845 1194 990 1238 Varr.
1027 1193 1088 1237 R.

228 1251 288 1294 R.
314 1251 380 1293 ΙΙ.
408 1254 491 1294 ult.

285 1307 655 1353 PELLUCENS.
680 1308 871 1356 nitidus,
900 1309 1089 1362 politus.

229 1366 354 1410 Brut.
373 1367 444 1410 79.
470 1364 621 1408 mollis
633 1373 672 1407 et
686 1369 924 1420 pellucens
934 1367 1089 1409 oratio.

286 1422 581 1467 PENATES.
642 1426 766 1465 unde
797 1425 940 1465 dicti?
1000 1423 1087 1466 vid.

270 1488 329 1523 at.
355 1479 413 1522 D.
437 1479 495 1522 Π.
520 1482 593 1524 27.
636 1479 765 1522 Verr.
792 1479 872 1522 IV.
897 1483 938 1525 8.
971 1480 1089 1524 Sutl.

263 1541 302 1581 1.
332 1538 598 1580 Penatesae
613 1536 684 1579 Dii
701 1536 847 1594 patrii.
876 1538 931 1580 cf.
949 1538 1087 1580 Dom.

230 1597 300 1639 57.
331 1595 436 1647 Har.
473 1594 528 1636 R.
556 1596 624 1638 17.
681 1595 864 1649 Nempe
888 1595 1092 1638 Penates

228 1667 284 1694 ac
319 1651 412 1710 pii
446 1653 618 1706 patrii,
663 1652 773 1694 item
801 1651 1092 1707 familiares,

213 1709 516 1766 suntiidem;
542 1711 587 1751 h.
602 1724 639 1750 e.
666 1710 719 1756 ii,
750 1711 867 1765 quos
887 1717 932 1751 et
952 1724 1094 1765 quae·

228 1780 318 1823 que
338 1768 451 1810 urbs
463 1767 770 1808 communiter
783 1781 815 1806 a
827 1768 1092 1820 majoribus

227 1823 452 1871 traditos,
490 1830 535 1864 et
558 1837 768 1879 quaeque
782 1824 984 1878 familia
993 1823 1096 1879 fibi

227 1882 451 1935 proprios
502 1879 765 1936 adsciverat
817 1887 862 1921 et
896 1883 1087 1922 colebat.

229 1939 515 1981 Colebantur
562 1944 724 1980 autem
772 1938 996 1990 privatim
1035 1939 1087 1980 in

228 1995 466 2048 impluvio.
527 1993 614 2036 Illi
625 1993 977 2050 suntPenates
1004 2010 1088 2048 pu·

226 2053 350 2102 blici,
389 2053 444 2094 hi
473 2053 660 2105 priuati.
719 2051 782 2093 In
815 2052 1005 2094 illorum
1023 2059 1089 2094 tu·

227 2112 324 2150 tela
366 2107 427 2167 esi
466 2117 566 2152 tota
595 2110 730 2159 urbs,
778 2109 1088 2163 inprimisque

225 2169 416 2221 templa.
446 2167 495 2207 in
514 2169 686 2208 horum.
709 2168 851 2208 aedes
870 2168 1090 2220 privatae

225 2224 493 2281 etfamilia.
553 2223 604 2264 V
600 2224 721 2277 irgil.
744 2224 865 2265 Aen.
892 2223 962 2265 II.
985 2224 1088 2267 702.
1108 2267 1112 2271 ,

227 2282 310 2323 uhi
339 2297 381 2323 υ.
404 2280 521 2323 Intt.
549 2281 610 2338 ef.
634 2279 733 2323 III.
758 2279 857 2325 148.
914 2281 1091 2336 Itaque

226 2341 314 2381 hos
345 2337 508 2393 auset-t
539 2340 729 2381 Aeneas
743 2370 754 2386 ,
796 2352 892 2380 non
920 2337 1101 2381 Lares-

226 2395 348 2438 Ihid.
362 2396 431 2439 II.
443 2397 542 2440 716.
570 2396 774 2439 Penates
793 2393 1092 2451 privatisunt

228 2453 370 2496 Dom.
405 2453 476 2497 41.
515 2453 636 2496 Phil.
657 2453 728 2496 II.
755 2454 827 2498 30.
870 2467 913 2494 v.
943 2451 1099 2506 inpri·.

229 2512 342 2558 mis.
372 2525 512 2565 «luem
537 2511 769 2554 Graevius
793 2509 868 2552 ⁴ad
902 2507 982 2553 Or.
1011 2523 1088 2563 pr.

229 2567 371 2610 Sulla
394 2571 426 2610 l.
451 2571 706 2621 alaudat,
736 2567 938 2610 Gronov.
964 2566 1091 2609 Dia-

230 2625 335 2677 trib.
384 2626 434 2666 in
468 2625 677 2667 Statium
720 2640 756 2675 e.
792 2625 862 2668 44.
903 2639 950 2678 p.
986 2625 1088 2668 290.

214 2679 468 2784 Jx‘aellfilagde
490 2691 535 2725 et
550 2684 603 2780 iln
615 2683 918 2736 Impluvium.
946 2679 1086 2723 *PhiL

347 2769 358 2781 .
406 2769 415 2779 .
463 2754 484 2780 e
585 2755 608 2781 a

228 2794 369 2838 focos.
429 2746 583 2838 Lergfftlilo
613 2797 796 2838 Penates
829 2797 974 2836 dubia
1011 2794 1088 2854 est.

228 2853 320 2894 uid.
345 2852 546 2896 Fer-rar.
571 2855 637 2894 ad
669 2855 714 2895 Ιι.
739 2855 770 2893 l.
790 2851 912 2910 abest
934 2853 994 2896 ab
1016 2854 1088 2893 ed.

206 2951 209 2959 ,
229 2908 440 2952 Munatii
456 2913 541 2953 hoc
564 2911 771 2952 verbum.
827 2909 922 2951 Sed
946 2907 1091 2966 potest

216 2966 430 3024 servari,
455 2974 509 3009 ut
521 2965 645 3009 Phil.
669 2965 737 3006 II.
757 2966 829 3011 30.
860 2968 944 3023 qui
963 2968 1100 3009 locus.

228 3022 290 3084 est
316 3026 434 3067 'huic
444 3024 734 3079 simillimus.

285 3078 593 3124 PENDERE.
622 3078 677 3122 'ad
702 3078 802 3120 Div.
818 3078 874 3118 V.
898 3079 965 3123 13.
998 3092 1092 3121 non

229 3136 405 3181 aliunde
416 3139 632 3192 pendere,
645 3138 878 3185 dicuntur,
923 3149 1093 3178 uorum

216 3195 428 3251 felicitas
456 3202 500 3236 et
523 3193 714 3252 miseria
737 3207 832 3234 non
856 3150 919 3249 ὦ
944 3192 994 3234 in
1017 3206 1094 3235 re-

557 521 679 563 quae
706 508 939 548 barbarae
961 501 1102 561 sunt‚'

642 2764 656 2772 ·
681 2736 921 2790 -Penates
937 2770 947 2786 ‚
976 2753 1100 2786 aras,.

744 135 805 173 .·
875 169 878 172 ,
941 120 1318 207 ιΝῡιΕΧ

1161 277 1210 333 in
1229 277 1454 323 sententiis
1484 278 1689 326 omnium
1719 279 1883 324 civium
1915 294 2023 335 pen·

1161 339 1274 384 dere
1297 337 1463 380 famam
1484 336 1798 394 fortunamque
1811 338 2018 381 nostram.

1162 393 1387 452 fpendere
1419 395 1643 436 dicuntur
1664 395 1835 437 ruinae
1855 396 2022 448 proxi-

1161 452 1242 493 mi.
1283 451 1435 494 Rabir.
1464 450 1582 493 Post.
1609 453 1675 495 16.
1707 467 1790 493 nec
1814 455 2022 506 penden-

1160 515 1254 550 tem
1277 507 1473 551 amioum
1497 523 1705 551 corruere
1728 509 1904 567 patitur.

1218 577 1610 622 PENETRALIS.
1654 577 1710 620 N.
1746 579 1804 621 D.
1854 578 1909 621 11.
1944 580 2019 623 27.

1161 634 1240 678 Dii
1265 639 1559 691 penetrales,
1574 635 1938 693 sunthenates,
1968 643 2022 685 ut

1161 691 1402 797 sslssaligit.
1434 694 1568 757 'conf-
1584 692 1746 751 HeinJ]
1770 696 1835 736 ad
1850 693 2022 736 Silium

1220 812 1458 866 PENSIO.
1483 836 1508 863 e
1526 829 1544 862 t
1556 834 1676 876 pars
1685 823 1921 876 pecuniae,
1937 835 2025 876 per

1163 886 1317 922 certas
1339 880 1439 921 dies
1459 879 1993 936 (l'ermine)solvendae
2008 893 2024 922 .·
2087 905 2094 917 .

1163 937 1274 980 hinc
1295 937 1454 994 pensio
1477 936 1636 995 prima,
1663 936 1719 981 ad
1742 937 1842 979 Div.
1858 935 1935 979 VI.
1951 938 2019 985 15.

1163 992 1296 1038 altera
1318 995 1490 1051 penfio,
1512 993 1638 1036 Rosa.
1665 993 1715 1037 C.
1735 996 1802 1041 17.
1834 992 2021 1045 Amaxl.

1169 1052 1213 1098 4.
1244 1052 1369 1095 tertia
1392 1051 1567 1108 penfi0,-
1593 1050 1699 1094 ibid.
1722 1053 1795 1098 23.
1926 1052 1931 1057 ’
2103 1062 2106 1072 “

1217 1121 1479 1166 PENULA.
1509 1115 1649 1181 vestis
1675 1119 1886 1183 craffi'ore,
1923 1138 2022 1179 qua

1161 1180 1213 1223 in
1243 1165 1407 1223 itinere
1436 1181 1704 1237 utebantur.
1777 1180 1868 1225 Att.
1894 1179 2020 1223 XIII.

1161 1232 1234 1284 33.
1265 1236 1427 1279 horum
1450 1252 1528 1295 ego
1542 1235 1608 1279 vix
1631 1237 1748 1294 attigi
1777 1240 2018 1292 penulam.

1161 1296 1271 1338 ibid.
1301 1293 1358 1338 ita
1382 1294 1473 1352 egi,
1501 1302 1551 1336 ut
1572 1310 1660 1337 non
1685 1292 1925 1337 scinderem
1948 1309 2022 1349 pe·

1159 1355 1344 1395 nulam.
1374 1349 1418 1395 h.
1445 1367 1482 1394 e.
1506 1367 1601 1394 non
1612 1355 1871 1395 admodum
1882 1367 2023 1406 roga-f

1159 1412 1210 1453 vi
1237 1410 1369 1453 abire
1398 1399 1652 1464 pdrantes,
1684 1417 1735 1462 ut
1756 1410 2021 1452 manerent.

1160 1466 1218 1510 H
1216 1468 1288 1509 inc
1299 1466 1414 1509 Milo
1438 1466 1728 1525 iterfaciens
1739 1466 2022 1516 Lanuvium,

1161 1524 1334 1567 dicitur
1345 1519 1490 1583 suiffe
1512 1523 1761 1583 penulatus.
1819 1522 1920 1566 Mit.
1949 1528 2019 1569 10.

1161 1581 1239 1624 De
1250 1585 1427 1636 penula
1443 1589 1637 1634 egerunt
1649 1580 2022 1638 copioseFerrar.

1162 1642 1222 1680 de
1242 1640 1302 1682 R.
1330 1637 1386 1680 V.
1418 1638 1472 1680 P.
1494 1638 1566 1681 ΙΙ.
1595 1639 1648 1680 L.
1676 1639 1745 1681 H.
1775 1639 1859 1696 qui
1877 1637 1936 1696 est
1961 1647 2025 1680 to·

1161 1703 1240 1738 tus
1261 1699 1320 1737 de
1332 1697 1546 1749 penula:
1560 1693 1653 1751 sed
1673 1698 1739 1738 ad
1755 1697 2020 1739 Ciceronem

1159 1751 1493 1811 illustrandum
1536 1753 1756 1806 inprimis
1786 1755 2023 1807 pertinent

1159 1811 1285 1852 dicta
1305 1826 1341 1852 c.
1367 1811 1412 1854 2.
1441 1808 1498 1864 cf.
1524 1809 1707 1852 Ruben.
1735 1813 1795 1851 de
1817 1811 1877 1853 R.
1897 1811 1952 1852 V.
1975 1810 2017 1852 I.

1160 1869 1203 1912 6.
1233 1874 1278 1909 et
1290 1867 1373 1924 qui
1389 1869 1655 1914 laudantur
1666 1869 1715 1909 in
1726 1867 1843 1910 Lex.
1857 1868 2021 1911 Fabri.

1215 1935 1433 1981 PENUS.
1490 1936 1590 1980 Nat.
1612 1936 1747 1980 Deor.
1774 1937 1832 1980 11.
1857 1940 1928 1982 27.
1961 1938 2024 1982 est

1159 2005 1316 2042 omne,
1371 2008 1462 2052 quo
1519 1992 1754 2038 vescuntur
1803 1995 2040 2046 homines.

1195 2064 1325 2094 enus.
1911 2077 1915 2080 ·

1157 2067 1192 2107 p
1218 2105 1563 2153 PERAGERE.
1621 2107 1675 2152 ad
1704 2108 1804 2153 Div.
1829 2108 1954 2156 VIII.
1975 2112 2020 2155 8.

1161 2173 1308 2209 totum
1337 2165 1656 2224 Sempronium
1685 2182 1877 2221 peragO.
1924 2168 1955 2210 i.
1982 2183 2028 2219 e.

1160 2230 1281 2284 vexo
1302 2224 1497 2264 dicendo
1518 2226 1643 2266 velut
1667 2225 1715 2266 in
1723 2223 1884 2281 scena.

1218 2277 1605 2323 PERAGRARE.
1634 2296 1722 2335 per
1756 2289 1922 2324 mentes
1948 2280 2026 2325 ho-

1161 2337 1368 2382 minurn:
1397 2338 1466 2379 ita
1477 2337 1589 2381 libri
1595 2352 1770 2382 omnes.
1803 2338 1884 2380 Or.
1900 2338 1934 2381 1.
1949 2339 2029 2385 51..

1219 2393 1716 2444 PERCELEBRARE.
1732 2394 1852 2438 Coel.
1866 2395 1938 2439 29.
1950 2411 2027 2445 res

1160 2453 1481 2510 percelebrata
1502 2449 1775 2495 sermonibus
1798 2452 2020 2497 omnium.

1162 2509 1196 2552 i.
1222 2521 1265 2551 e.
1326 2511 1584 2562 ervulga'ta.
1672 2521 1673 2525 ¹
1839 2507 1849 2518 *

1217 2563 1294 2608 PE
1340 2556 1626 2609 CELLERE.
1658 2562 1759 2607 Mil.
1791 2567 1864 2609 21.
1893 2565 2031 2619 Mars,

1133 2622 1416 2667 ‘communis
1461 2620 1589 2681 saepe
1627 2621 1886 2680 [poliantem
1930 2623 2022 2680 jam

1161 2688 1205 2723 et
1246 2677 1528 2722 exsultantem
1563 2678 1714 2722 evertit
1747 2688 1790 2723 et
1821 2682 2028 2739 perculi&

1157 2735 1422 2790 ababiecto.
1508 2739 1510 2743 ’
1555 2774 1558 2777 .
1968 2740 1974 2747 ”

1216 2791 1579 2836 PERCEPTIO.
1607 2792 1889 2838 Aead.V.'25.
1919 2793 2026 2852 'pera

1159 2850 1387 2904 ceptione·
1403 2847 1585 2893 sublata.
1674 2866 1716 2894 υ.
1759 2851 2028 2906 Ρετοίρετεζ

1159 2906 1183 2928 “
1199 2906 1304 2948 Her.
1347 2905 1407 2948 II.
1456 2915 1559 2949 extr.
1605 2915 1682 2952 tua
1729 2916 2024 2963 perceptzone

1161 2962 1390 3006 laetabere.
1424 2962 1455 3005 i.
1478 2979 1513 3006 e.
1527 2964 1601 3014 iis,
1626 2980 1746 3021 quae
1763 2965 2030 3025 percepisti„

1219 3018 1592 3065 PERCEPTUS.
1623 3023 1876 3075 diligenter
1901 3024 2024 3078 cogi-
2047 3071 2049 3077 ¹

1162 3084 1305 3120 tatus.
1335 3074 1649 3123 Tusc.‘111.14.
1681 3076 2025 3135 diligenter'per·

1163 3141 1324 3189 ceptas
1365 3143 1408 3177 et
1447 3142 1730 3192 pertractatas
1767 3136 1926 3179 habere
1953 3151 2023 3179 res

1164 3190 1391 3233 humanas.
1432 3192 1505 3234 *F
1506 3199 1562 3234 at.
1588 3195 1630 3236 6.
1661 3201 1884 3248 percepta
1901 3193 2020 3242 artis,

227 3254 314 3295 bus
334 3253 571 3304 externis,
594 3251 684 3309 sed
708 3250 756 3292 in
779 3251 912 3291 bonis
936 3257 980 3291 et
1003 3250 1092 3291 vir·
1151 3248 1297 3306 sunt,
1318 3264 1442 3303 quae
1456 3248 1650 3292 Graecis
1669 3250 1890 3293 dicuntur
1908 3254 2025 3294 θεω-
2072 3290 2077 3300 ,

230 3310 404 3352 tutibus
429 3309 593 3351 animi.
647 3307 780 3350 Tusc.
808 3305 861 3349 V.
887 3308 956 3350 12.
982 3319 1091 3360 pen·
1162 3303 1363 3362 ρήματα.
1422 3306 1482 3362 cf.
1535 3321 1571 3349 ο.
1602 3308 1645 3352 8.
1694 3315 1739 3349 et
1791 3307 2026 3351 Victorius

227 3369 340 3411 dere
367 3382 416 3408 ex
447 3365 635 3416 aliorum
670 3363 845 3406 eventis.
906 3362 993 3408 Pis.
1018 3363 1087 3408 41.

1164 3365 1230 3404 ad
1260 3378 1295 3404 c.
1323 3365 1361 3406 1.

1407 3424 1409 3426 ’
1894 3419 2026 3463 PER-
