2124 3640
227 145 332 194 616

184 341 185 344 Ἰ
233 294 334 337 Div.
368 294 426 337 X.
462 297 532 342 16.
562 293 656 353 sub
680 310 751 339 eas
777 294 923 340 literas
947 295 1091 340 statim

233 351 434 395 recitatae
470 352 571 396 sunt
601 360 713 396 tuae.
775 354 884 396 ibid.
898 353 1024 398 VIII.
1046 352 1091 398 4.

234 424 338 452 cum
353 407 499 453 Gallia
520 418 697 454 coactus
722 408 824 467 esset
837 409 1094 469 Pompeius,

234 465 398 515 dicere,
450 465 492 510 se
531 466 749 525 legionem
780 466 1094 518 abducturum,

234 521 306 581 fed
338 538 430 566 non
455 523 599 567 statim
617 523 712 582 sub
746 524 1016 568 mentionem
1051 533 1095 571 et

234 579 486 624 convicium
520 581 881 625 obtrectatorum.

292 662 621 709 SUBACTIO.
640 665 722 708 Or.
737 665 795 707 II.
810 667 880 712 30.
916 653 1098 719 abactio

237 729 386 822 ῗὲξέι
409 721 470 764 est
494 719 623 788 ustis,
653 721 846 775 auditio,
892 725 1020 776 ectio,
1049 724 1101 769 li-

292 860 631 907 SUBACTUS.
688 866 749 906 de
787 872 920 908 terra
953 864 1102 923 saepe

237 926 408 968 arata,
449 923 591 963 culta.
662 921 773 965 Cato
813 924 882 966 17.
933 921 1100 966 humus

225 976 428 1034 subacta
450 985 581 1035 atque
606 993 732 1035 pura.
776 975 967 1024 ibid.15.
993 996 1101 1025 cum

240 1043 356 1077 terra
396 1034 564 1090 gremio
604 1034 778 1079 mollito
826 1053 880 1080 ac
902 1036 1102 1095 subacto

914 1095 1103 1139 Deinde

240 1147 532 1202 transfertur
577 1151 819 1202 eleganter
865 1155 932 1194 ad
980 1154 1105 1207 inge·

239 1206 387 1247 nium.
418 1202 501 1247 Or.
524 1204 591 1248 ΙΙ-
607 1206 677 1252 30.
690 1206 886 1264 subacto
908 1209 1017 1252 mihi
1041 1211 1105 1253 in-

240 1260 368 1319 genio
406 1276 520 1318 opus
544 1261 625 1313 est,
656 1272 706 1306 ut
731 1280 834 1321 agro
857 1281 950 1309 non
970 1266 1103 1310 semel

241 1326 388 1365 arato,
442 1317 513 1361 sed
565 1328 725 1367 novato
762 1330 895 1381 atque
932 1324 1103 1367 iterato.

240 1377 332 1418 υίιί.
360 1375 594 1419 Subactio.
653 1379 934 1428 *exercitum
965 1396 1106 1424 vexa·

241 1439 337 1534 ξας.
395 1431 526 1479 Tusc.
558 1433 644 1478 III.
679 1438 753 1481 28.
771 1436 1000 1494 subactu-3·
1024 1438 1105 1483 mi-

261 1505 379 1534 erns.
400 1520 405 1524 -
854 1504 861 1510 '

299 1573 597 1618 SUBDERE.
614 1535 910 1636 substituere..
966 1579 1104 1624 Dom.

244 1631 315 1675 32.
348 1631 447 1689 quis
482 1632 528 1674 in
555 1649 705 1676 meum
730 1635 880 1679 locum
914 1636 1106 1692 judicem

230 1687 460 1746 subdidit.
501 1689 558 1732 cf.
591 1691 645 1734 ad
668 1692 769 1735 Div.
793 1693 850 1737 X.
871 1697 946 1740 21.

298 1770 625 1816 SUBDITUS.
654 1774 784 1819 Verr.
805 1776 841 1820 I.
867 1779 909 1823 5.
926 1777 1113 1836 subditi

243 1828 293 1872 in
323 1844 481 1875 eorum
505 1828 672 1874 locum.

156 1950 159 1956 .
298 1898 676 1945 SUBDUCTIO.
701 1903 780 1947 Or.
797 1904 939 1952 1130.
963 1904 1113 1950 statim

206 1992 208 1995 .
245 1957 442 2000 occurrit
462 1959 667 2002 naturali
703 1962 892 2019 quadam
917 1963 1108 2020 pruden-

244 2014 329 2064 tia,
359 2030 452 2058 non
474 2013 542 2057 his
551 2015 941 2072 subductionibus
951 2052 964 2071 ‚
1028 2036 1105 2063 uas

243 2070 313 2114 isti
352 2071 534 2121 docent,
592 2074 701 2131 quid
748 2076 879 2119 faciat
915 2093 996 2120 cau
1045 2093 1106 2120 m.

243 2127 570 2173 subductiones
587 2132 709 2189 sunt
740 2135 966 2191 artlficia,
1005 2135 1109 2192 qui·-

242 2187 330 2230 bus
355 2191 724 2243 commentaturi
750 2199 953 2237 utuntur
971 2194 1020 2233 in
1043 2207 1111 2234 co·

243 2245 455 2298 gitando,
484 2260 589 2288 cum
611 2257 871 2304 quaerunt,
899 2250 1013 2306 quid
1026 2250 1113 2306 fa·

242 2302 336 2343 ciat
358 2300 566 2358 causam,
595 2306 712 2360 quid
732 2308 888 2349 veniat
911 2309 961 2348 in
975 2308 1111 2366 judi·

246 2359 382 2400 cium.
439 2359 572 2402 Nam
607 2358 851 2406 subducere
891 2367 951 2406 de
990 2366 1112 2418 cogi-

241 1089 388 1134 semen
424 1089 628 1148 sparsum
667 1092 846 1152 excepit.

168 2463 170 2465 ¹
242 2416 498 2460 talionibus
526 2424 572 2460 et
601 2422 987 2464 meditationibus
1009 2422 1106 2464 dici

243 2480 409 2574 ssqcmf
431 2473 536 2575 9ιφι.
595 2488 635 2518 v.
686 2478 779 2521 Au.
820 2478 874 2522 V.
923 2480 997 2524 21.
1055 2453 1115 2523 ad'

292 2546 346 2572 lv.
391 2555 407 2572 1
463 2564 473 2573 .

304 2599 695 2649 SUBDUCTUS.
717 2607 776 2648 de
788 2607 987 2650 navibus
1007 2608 1116 2651 dici-

249 2665 354 2705 tur,
383 2675 504 2714 quae
525 2662 720 2706 hiberno
741 2670 950 2720 tempore
970 2679 996 2707 e
1014 2681 1118 2708 ma·

246 2716 293 2758 ri
325 2722 566 2774 'extractae
589 2717 732 2775 sunt:
769 2722 900 2776 eique
921 2723 1112 2778 opponi-

248 2779 329 2815 tur
351 2772 578 2818 deductus..
639 2776 772 2819 Offic.
797 2777 880 2821 ΙΙΙ.
906 2782 978 2823 11.
1007 2779 1110 2823 clas-

250 2828 341 2872 sem
361 2828 837 2884 Lacedaemoniorum,
871 2852 984 2894 quae
1002 2836 1114 2894 sub-

248 2889 392 2929 ducta
444 2886 547 2929 esset
597 2889 651 2932 ad
689 2889 938 2948 Gytheum,
995 2894 1113 2940 elam

246 2942 371 3002 posse
402 2943 589 2988 incendi.

291 3013 643 3059 SUBJECTIO.
659 3017 708 3059 in
719 3020 962 3063 rhetoricis
976 3020 1117 3073 quid?

249 3071 536 3115 Herenn.1V.
548 3074 621 3118 23.
656 3074 868 3118 'ibid.ll.
887 3078 956 3121 19.
985 3075 1111 3123 brevi

234 3127 543 3195 subjectione,
571 3130 599 3174 i.
623 3145 661 3174 e.
697 3135 982 3192 expositione
1001 3133 1112 3191 sub·

246 3195 392 3244 Jecta,
419 3188 603 3230 addita.
679 3199 693 3218 ἰ

308 3256 942 3316 SUBJECTOR.saIJarius.
978 3259 1112 3303 Catil.

248 3312 310 3357 ΙΙ.
344 3315 386 3360 4.
441 3316 934 3374 quis'testamentorum
962 3316 1115 3380 sut'zje-¹

247 3379 358 3416 ctor.
399 3379 481 3417 etc.

918 139 1302 214 thEx

1220 294 1587 342 SUBJECTUS.
1617 293 1700 341 Or.
1722 294 1758 340 1.
1784 278 1854 342 12.
1878 296 2030 347 verbo·

1161 369 1267 398 rum
1290 353 1458 398 sonitus
1482 353 1651 404 inanis,
1678 353 1806 398 nulla
1813 352 2030 413 subjecta

1163 411 1369 456 sententia
1410 420 1453 454 et
1495 411 1710 455 scientiar
1746 410 1791 454 h.
1820 426 1867 453 e.
1899 413 2031 464 cujus

1163 471 1329 534 pullus
1400 467 1540 525 ensus
1593 467 1721 526 inest.

1167 591 1210 626 et
1239 580 1350 638 juris
1386 581 1558 642 publici
1588 581 1850 632 auctoritas,
1897 590 1938 624 et
1967 587 2032 624 re·

1169 638 1330 698 gendae
1381 638 1571 705 reipubl.
1611 639 1723 682 ratio
1763 646 1805 681 et
1841 637 2032 689 scientia,

1168 700 1385 754 'tanquam
1412 696 1560 755 aliqua
1592 694 1818 744 materies,
1858 695 1910 738 iis
1941 711 2034 739 ora-

1169 753 1367 804 toribus,
1398 753 1479 812 qui
1505 753 1732 796 versantur
1758 751 1807 794 in
1835 751 2035 810 republi-

1171 826 1246 860 ca,
1270 810 1484 875 s“bj⁶ft‘²
1513 810 1598 854 esse
1628 811 1812 855 debent:
1843 808 1886 851 h.
1917 825 1952 851 e.
1984 811 2036 851 in
2082 828 2083 831 ¹

1164 875 1383 926 promtu,
1420 875 1550 910 nota.
1604 866 1758 910 Partit.
1789 868 1862 911 11.
1899 865 2041 921 hujus·

1172 925 1310 982 igitur
1356 923 1561 968 materiae
1612 927 1680 968 ad
1722 932 2035 982 argumentum

1158 982 1425 1041 subjectae:
1457 980 1501 1024 b.
1529 997 1567 1024 e.
1590 989 1759 1038 aptae,
1781 989 2004 1053 paratae.

1179 1086 1181 1089 ·
1230 1062 1582 1109 SUBJICERE.
1612 1065 1673 1105 de
1684 1061 1932 1125 speciebus
1962 1079 2038 1107 ra·

1174 1123 1298 1164 tione
1317 1122 1518 1175 generis.
1555 1118 1836 1163 Tusc.1V».7.
1868 1129 2039 1178 pertur-

1173 1178 1426 1223 bationibus
1439 1178 1758 1234 subjiciuntur
1769 1183 1912 1234 partes
1927 1177 2038 1233 ejus-

1175 1233 1275 1279 dem
1297 1234 1466 1293 generis
1490 1233 1656 1293 plures.
1688 1234 1769 1277 Or.
1785 1233 1820 1276 l.
1836 1236 1903 1278 12.
1934 1249 2039 1300 par-

1174 1300 1239 1336 tes
1266 1299 1413 1334 autem
1434 1291 1558 1340 sunt,
1592 1307 1704 1350 quae
1716 1290 1946 1350 generibus
1968 1306 2037 1340 ns,

1177 1364 1227 1392 ex
1258 1350 1420 1408 quibus
1451 1357 1680 1398 emanant,
1704 1348 2038 1406 subjiciuntur.
2081 1375 2089 1383 „

1176 1408 1270 1449 *de
1285 1408 1551 1464 sententia,
1581 1421 1702 1462 quae
1728 1404 1842 1464 imgst
1872 1406 2039 1448 verbis.

1176 1464 1276 1507 Fin.
1303 1464 1362 1506 ΙΙ.
1390 1464 1458 1508 15.
1489 1463 1570 1506 sub
1593 1462 1676 1507 hac
1698 1478 1822 1512 voce,
1855 1477 1967 1520 quae
1988 1461 2041 1505 fit

1164 1520 1463 1580 subjicienda
1476 1520 1700 1563 sententia.
1730 1521 1838 1562 ibid.
1851 1522 1895 1563 2.
1925 1534 2040 1577 quae

1178 1595 1249 1622 res
1268 1578 1378 1625 huic
1398 1578 1493 1622 voci
1503 1577 1802 1637 subjiciatur.
1847 1578 2041 1619 *mone-

1177 1651 1231 1680 re
1260 1638 1464 1692 aliquem
1490 1638 1547 1677 de
1582 1649 1658 1684 re,
1707 1636 1841 1689 qu‘us
1870 1635 2042 1676 oblitus

1225 1782 1236 1792 .
1274 1753 1341 1793 10.
1375 1748 1507 1807 cupio
1528 1747 1646 1801 ,mihi
1675 1748 1729 1791 ab
1757 1748 1838 1791 illo
1854 1745 2040 1804 subjici,

1178 1804 1211 1850 fi
1235 1806 1343 1865 quid
1392 1814 1598 1848 raetereo.
1630 1805 1919 1847 *obnoxium
1937 1807 2042 1846 red*

1177 1867 1303 1907 dere.
1359 1822 1517 1906 glane.
1541 1863 1615 1908 23.
1644 1861 1877 1920 subjicere
1902 1860 2040 1903 fortu-

1176 1937 1256 1964 nas
1279 1920 1584 1973 innocentium
1602 1919 1713 1962 fictis
1726 1917 2040 1961 auditionibus.

1177 1979 1286 2021 ibid.
1328 1975 1468 2021 scelus
1492 1975 1674 2019 dicendo
1685 1975 1915 2034 subjicer‘e
1939 1974 2042 2018 odio

1179 2034 1356 2079 civium.
1395 2034 1416 2054 ⁴*
1429 2034 1564 2076 Dom.
1579 2036 1647 2077 20.
1673 2042 1722 2075 ut
1742 2032 1829 2074 Rex
1844 2032 2040 2090 Cyprius

1179 2108 1285 2136 cum
1323 2090 1452 2134 bonis
1484 2090 1691 2133 omnibus
1712 2089 1804 2146 sub
1824 2105 2042 2149 praecone

1165 2149 1497 2209 subjiceretur.
1529 2146 1686 2203 Quint.
1704 2149 1773 2192 15.
1805 2147 1931 2202 cujus
1947 2162 2041 2189 non

1179 2206 1314 2250 modo
1349 2204 1580 2255 fortunae,
1623 2203 1693 2247 sed
1734 2203 1863 2247 etiam
1900 2203 2042 2246 victus

1181 2262 1448 2320 vestitusque
1497 2260 1761 2304 necessarius
1787 2261 1879 2320 sub
1920 2276 2042 2318 prae·

1182 2337 1293 2365 cone
1296 2319 1536 2377 subjectus
1558 2317 1631 2377 est.
1658 2320 1802 2362 Ratio
1824 2319 2048 2374 loquendi

2117 303 2124 357 ’ὲ

1363 467 1410 569 ί
1805 469 1913 510 ibid.
1954 469 2037 519 46,
2120 462 2124 506 ¹:

1153 526 1312 569 'omnis
1395 532 1473 569 a'ec
1508 524 1780 583 antiquitatis
1815 525 2032 568 memoria
2121 523 2124 559 ἶ

1102 1704 1105 1706 ’
1179 1709 1205 1735 e
1224 1701 1254 1743 t,
1281 1694 1416 1744 cujus
1435 1693 1683 1735 recordari
1700 1692 1872 1746 nequit.
1904 1688 2034 1731 Verr.
2119 1692 2121 1697 ’

2105 2007 2124 2345 4

1182 2380 1293 2421 inde
1315 2380 1457 2419 ducta
1482 2375 1556 2436 est,
1584 2379 1709 2433 quod
1724 2391 1898 2432 praeco
1908 2374 2047 2433 flare
2116 2371 2121 2410 ’Ϊ

1168 2435 1354 2495 solebat
1386 2435 1435 2476 in
1457 2434 1639 2489 lapide,
1669 2441 1722 2475 ut
1743 2435 1804 2475 ab
1822 2434 2045 2495 ‘omnibus
2119 2441 2124 2459 ·’

1181 2491 1382 2550 conspici
1395 2488 1550 2551 poffet.
1577 2505 1619 2532 υ.
1633 2490 1793 2544 Lapis.
1830 2489 1850 2510 ⁵
1865 2491 1915 2531 in
1937 2504 2044 2530 ma-
2123 2498 2124 2532 j

1183 2565 1277 2594 nus
1303 2553 1447 2598 dare,
1481 2547 1739 2613 porrigere.
1799 2545 1935 2589 Arch.
1967 2550 2038 2594 10.
2123 2565 2124 2571 ’

1185 2622 1320 2666 quem
1331 2622 1414 2649 nos
1427 2605 1473 2648 in
1487 2617 1698 2647 concione
1709 2602 1910 2651 vidimus,
1936 2617 2043 2646 cum

1184 2665 1225 2708 ei
1246 2663 1451 2707 libellum
1476 2661 1618 2704 malus
1674 2666 1769 2703 obita
1793 2660 1845 2702 de
1866 2659 2040 2718 populo

1167 2716 1438 2781 subjecgffet,
1463 2722 1545 2761 etc.
1590 2677 1749 2775 qiegg.
1765 2717 1905 2762 ΙΙ.18.
1931 2715 1963 2760 fi
1988 2715 2044 2760 ad

1183 2788 1343 2824 terram
1364 2775 1571 2818 tuendam
1588 2774 1796 2832 ferroque
1797 2773 2045 2840 subjicien-

1181 2840 1298 2880 dam
1324 2831 1643 2892 superstitionis
1671 2831 1840 2890 aliquid
1866 2830 2047 2875 accesse·
2102 2871 2105 2873 .

1181 2893 1254 2938 rit.
1312 2891 1560 2935 Manutius
1585 2888 1816 2947 reposuit:
1851 2888 2047 2946 subigen-

1184 2949 1302 2998 dam,
1331 2963 1394 2990 ex
1415 2950 1533 2991 libro
1556 2947 1779 3002 antiquo,
1801 2946 2046 3002 probanti·

1185 3009 1273 3056 bus,
1294 3005 1536 3053 Lambino,
1564 3004 1773 3059 Davisto.
1831 3002 2045 3061 Subigere
2084 3022 2086 3026 >

1169 3064 1402 3119 usitatius
1432 3061 1493 3116 eft:
1526 3063 1576 3104 in
1608 3064 1697 3103 hac
1731 3074 1808 3110 re,
1834 3059 1926 3118 sed
1959 3073 2045 3103 nec
2075 3069 2111 3082 ³*

1182 3118 1395 3174 subjicere
1425 3118 1486 3179 ‘st
1511 3117 1791 3176 absurdum,
1834 3120 1965 3174 ‚quod
1995 3117 2048 3158 in
2106 3143 2108 3146 -

1184 3180 1348 3221 multis
1390 3177 1614 3230 loquendi
1638 3174 1818 3231 formis
1858 3173 1946 3234 est,
1990 3174 2044 3215 in
2094 3231 2097 3235 Ι

1187 3235 1354 3292 quibus
1382 3242 1427 3276 et
1452 3233 1647 3291 subigere
1667 3233 1851 3276 dicitur.

1247 3316 1526 3361 SUBITUS.
1543 3315 1892 3370 extemporalis.
1910 3311 1991 3355 Or.
2008 3310 2045 3353 I.
2090 3343 2105 3375 ι.

1191 3376 1263 3422 33.
1278 3374 1439 3433 subita
1461 3382 1503 3420 et
1522 3371 1700 3417 fortuita
1724 3370 1877 3418 oratio.
1937 3369 2047 3419 ibid,

1931 3441 2029 3469 exer
