2144 3600
169 88 290 127 vr
695 44 1407 131 'PRAEFATIO

172 215 563 270 constituatur:
599 235 634 270 a
657 215 951 271 doctorum
969 215 1226 272 virorum
1246 216 1486 290 ingeniis
1496 215 1784 292 profectae
1799 233 1997 271 emen-
2038 235 2061 254 ·¹

173 301 442 369 dationes,
482 314 654 375 prout
679 303 822 357 ratio
844 301 1053 371 tulerit,
1094 313 1191 358 aut
1215 304 1630 378 recipianturi'n
1646 313 1993 370 contextum,

114 439 118 443 .
173 397 269 441 aut
299 398 857 443 commemorentur:⁴
878 390 987 442 loci
1011 390 1258 464 depositi,
1298 402 1395 445 aut
1409 390 1674 446 nondum
1702 388 1995 457 constituti,

176 472 527 528 indicentur:
577 474 639 529 in
674 475 1009 549 explicando
1044 485 1230 529 autem
1270 475 1318 529 is
1356 477 1560 530 modus
1598 479 1901 544 servetur,
1933 483 2001 528 ut

178 559 414 613 obscura
451 580 482 614 e
517 560 726 631 judicio
764 561 1173 632 intelligentam
1222 561 1550 629 hominum,
1609 571 1664 615 et
1698 560 1762 616 in
1799 560 2001 630 quibus

179 642 294 697 viri
316 644 379 698 in
395 645 500 722 boc
523 665 727 717 genere
745 647 893 700 docti
911 658 1007 701 aut
1032 647 1212 701 editor
1238 649 1354 721 ipse
1378 647 1695 715 haeserunt,
1735 658 1831 701 aut
1854 654 2002 718 quo·-

178 746 312 783 rum
335 749 366 784 e
389 732 625 805 vulgatis
652 734 877 788 Lexicis
902 732 1292 805 interpretatio
1316 733 1532 786 hauriri
1564 752 1679 786 non
1702 735 1896 804 potest,
1939 751 2004 786 ea

181 814 536 887 explicentur
563 829 619 873 et
633 819 987 873 illustrentur.
1038 817 1144 872 Sed
1172 838 1302 874 cum
1327 807 1662 889 hujus'Livii
1677 817 2004 872 Creveriani

182 901 474 958 censuram
510 905 571 960 in
596 904 754 960 Actis
779 904 1147 958 Eruditorum
1174 925 1358 978 nuper
1383 923 1703 976 ageremus,
1725 904 1899 972 ··sati3,
1938 914 2003 958 ut

186 986 424 1059 opinor,
465 990 777 1059 docuImus,
814 980 1038 1046 facilius
1066 993 1188 1060 effe,
1227 990 1374 1045 utin
1399 990 1555 1044 omni
1579 1009 1803 1061 genere,
1841 990 1920 1043 ita
1941 989 2004 1043 in

186 1070 313 1141 hoc,
355 1074 529 1130 bonas
552 1078 697 1149 leges
725 1078 984 1144 scribere,
1026 1096 1196 1147 quam
1220 1076 1291 1132 ad
1315 1079 1478 1131 usum
1502 1075 1824 1153 transferre,
1852 1085 1910 1128 et
1933 1074 2006 1128 ad

188 1177 283 1212 eas
308 1159 370 1215 in
397 1163 760 1232 emendandis
783 1162 1506 1234 illustrandisque'veterum
1528 1163 1684 1217 libris
1708 1163 1766 1216 se
1780 1180 2008 1215 accom-

187 1244 443 1309 modare.
503 1249 647 1321 'Age
677 1268 818 1304 vero
853 1249 1008 1320 ῥῆσιν
1034 1249 1222 1318 inam,
1261 1249 1390 1319 quia
1416 1250 1484 1303 de
1511 1267 1715 1320 genere
1740 1247 2005 1300 universo

191 1332 284 1401 est,
322 1332 433 1388 huc
466 1337 926 1391 transscribamus
944 1342 963 1386 ε’
1004 1335 1075 1388 111
1108 1334 1217 1388 hoc
1239 1334 1464 1389 confilio
1488 1354 1607 1388 non
1629 1334 1703 1387 est
1727 1331 2004 1406 profecto,

191 1418 343 1489 quod
379 1421 712 1502 reprehendi
751 1425 945 1496 possit:
995 1439 1178 1491 neque
1212 1418 1444 1477 dubium
1482 1421 1589 1488 est,
1630 1419 1764 1487 quin
1789 1437 2003 1487 omneS,

189 1503 289 1574 qui
299 1504 376 1563 ,ad
397 1517 650 1563 auctores
666 1508 912 1563 edendos
937 1506 1224 1574 accedunt,
1263 1525 1330 1559 eo
1359 1505 1444 1560 uti
1467 1505 1679 1572 velint3
1716 1505 1886 1559 modo
1910 1524 2008 1557 re-

192 1599 282 1644 cte
305 1591 386 1644 uti
413 1612 479 1647 eo
509 1612 704 1648 omnes
729 1597 952 1668 posfint.
1004 1594 1158 1648 Nam
1182 1591 1368 1664 primo
1383 1591 1680 1664 plerisque,
1721 1591 1891 1644 etiam
1913 1591 2009 1644 sa·-

191 1677 263 1730 tis
288 1676 497 1748 doctiS,
532 1680 748 1748 accidit,
787 1681 846 1735 id
872 1679 1021 1750 quod
1049 1679 1150 1733 fibi
1180 1677 1428 1732 accidiffe
1457 1679 1623 1750 saepe
1645 1695 1927 1748 numerO,
1946 1676 2009 1738 ni

190 1761 461 1833 fallimur,
490 1765 850 1820 Casaubonus
866 1765 1159 1833 fatebatur,
1178 1774 1258 1833 ut,
1281 1782 1410 1816 cum
1424 1762 1577 1834 leger
1580 1772 1634 1816 et
1657 1763 1884 1832 librum,
1910 1761 2008 1816 fibi

187 1846 456 1904 facillima
472 1850 631 1906 videl
634 1863 816 1917 entur,
842 1870 984 1923 quae
1007 1846 1259 1937 difficilia
1276 1850 1558 1922 explicatu
1575 1859 1628 1902 et
1645 1849 1896 1902 obscura
1894 1851 2009 1902 esse

187 1918 523 2007 intelligeret
555 1947 677 1992 tum
716 1939 974 2006 demum,
1010 1956 1135 1992 cum
1165 1936 1287 1991 aliis
1318 1955 1515 1990 eorum
1539 1937 1726 1989 sensus
1751 1944 2008 1988 accurate

190 2021 595 2095 perspicueque
618 2025 985 2097 explicandus
1010 2025 1159 2078 effet.
1232 2023 1363 2077 Hoc
1390 2021 1671 2089 omnibus,
1711 2040 1891 2093 paene
1917 2020 2008 2072 di-

194 2124 338 2174 cam,
377 2109 592 2178 accidit,
634 2111 732 2182 qui
755 2122 1007 2166 auctores
1034 2108 1353 2177 ediderunt,
1393 2126 1534 2178 quos
1562 2127 1678 2160 non
1708 2106 2004 2178 aliquoties

195 2192 316 2247 aliis
353 2197 486 2249 sunt
521 2196 902 2269 interpretati,
940 2207 1003 2251 ut
1027 2195 1191 2251 facile
1218 2196 1494 2268 poffemus
1521 2193 1710 2246 multis
1736 2192 2008 2264 exemplis

194 2277 588 2352 demonstrare,
628 2283 667 2336 fi
692 2284 846 2337 locus
870 2291 1174 2357 pateretur.
1214 2280 1467 2334 Omnino
1493 2276 1726 2330 difficile
1755 2279 1843 2345 est,
1874 2276 2010 2347 quid

191 2364 254 2419 fit
277 2367 606 2437 obscurum,
643 2369 852 2440 ubique
879 2373 1029 2441 poffe
1052 2365 1321 2431 definire3
1359 2364 1703 2433 dubiumque
1729 2358 1890 2415 nobis
1917 2361 2009 2415 vi-

196 2451 387 2522 detur,
441 2465 631 2509 utrum
666 2455 893 2509 indocto
928 2474 1002 2508 an
1025 2453 1198 2507 docto
1234 2449 1583 2504 obscuriores
1623 2448 1753 2503 libri
1790 2458 2007 2501 veteres

116 2600 118 2603 ¹
194 2537 509 2595 videantur.
581 2542 735 2612 Quid
773 2541 964 2596 enim?
1001 2534 1032 2595 ὅ
1065 2533 1201 2594 πάνυ
1227 2536 1504 2591 Graevius
1534 2537 1734 2609 plusne
1759 2532 2009 2587 difficul-

194 2624 319 2679 tatis
343 2627 403 2681 in
432 2628 672 2700 epistolis
698 2627 1078 2682 Ciceronianis
1103 2622 1447 2699 explicandis
1474 2623 1615 2676 vidit
1637 2631 1796 2688 ante,
1837 2637 2008 2689 quam
2038 2681 2042 2683 ‚

190 2713 252 2773 in
271 2714 555 2774 Gronovii
580 2713 928 2787 disciplinam
954 2721 1202 2780 venerat,
1235 2731 1325 2777 an,
1358 2710 1647 2782 postquam
1670 2707 1739 2761 ad
1763 2708 1881 2776 ejus
1903 2725 2009 2758 au-

191 2799 504 2855 ctoritatem
530 2804 586 2854 se
613 2799 967 2853 contulerat?
1004 2798 1197 2870 Quid‘.>
1231 2797 1404 2852 libros
1433 2798 1632 2860 saci-OS,
1661 2792 1888 2862 quinam
1915 2789 2007 2844 fa-

194 2886 350 2940 cilius
382 2887 693 2957 intelligere
732 2884 830 2938 fibi
866 2885 1168 2939 videntur.
1149 2881 1174 2920 ‘²
1211 2878 1486 2936 doctiores
1523 2900 1594 2933 an
1630 2876 2006 2932 indoctiores?

191 2971 362 3040 Quod
387 2992 518 3044 ergo
545 2972 675 3025 huic
700 2970 784 3026 rei
808 2970 1054 3025 dicemus
1072 2973 1177 3023 effe
1204 2967 1559 3023 remedium?
1595 2965 1778 3020 Nobis
1804 2965 2006 3016 malle-

190 3075 315 3110 mus
340 3058 465 3113 dici.
541 3059 680 3126 Sed,
721 3060 789 3126 fi,
830 3057 963 3128 quid
985 3058 1302 3122 sentiamuS‚
1339 3051 1643 3110 dicendum
1669 3053 1747 3118 fit,
1787 3059 2006 3103 mature

189 3142 596 3199 defaecandum
635 3147 709 3198 est
744 3143 1063 3215 ingenium,
1102 3151 1160 3197 et
1182 3139 1466 3195 dialectica
1491 3136 2006 3204 mathematicisque
2037 3176 2040 3178 -

190 3229 495 3302 disciplinis
527 3232 603 3285 ita
626 3226 994 3302 subigendum
1010 3272 1028 3299 ,
1063 3237 1126 3282 ut
1151 3228 1299 3282 clara
1322 3226 1391 3280 ab
1417 3224 1662 3278 obscuris
1689 3222 2005 3276 discernere

1811 3307 2008 3359 discat:
